2900 6042
985 1625 1117 1673 10113.
1160 1625 1230 1674 ΙΙ.
1286 1625 1485 1674 om.
1531 1626 1629 1675 IV.

699 1776 797 1844 De
828 1784 1010 1862 gente
1041 1779 1152 1842 sub
1183 1779 1320 1844 divo
1349 1780 1624 1862 moreris,

787 1863 1056 1929 Victima
1084 1866 1168 1928 nil
1197 1866 1536 1931 miserantis
1568 1867 1734 1933 Orci.

618 1946 844 2013 Omnes
873 1951 1082 2015 eodem
1110 1953 1399 2035 cogimur,
1466 1952 1729 2019 omnium

615 2033 919 2100 Versatur
945 2057 1100 2100 urna
1126 2038 1317 2118 serius
1346 2038 1512 2103 ocius

703 2118 850 2185 Sors
877 2122 1112 2186 exitura
1163 2129 1228 2185 et
1255 2144 1364 2187 nos
1395 2124 1461 2188 in
1488 2130 1803 2208 aeternum

786 2207 1053 2273 Exilium
1107 2208 1459 2294 impositura.
1486 2210 1762 2276 cumbae.

969 2634 1451 2702 GARMEN
1509 2636 1649 2705 IV.

605 2973 717 3040 NB
750 2974 830 3040 sit
857 2976 1109 3041 ancillae
1138 2976 1249 3041 tibi
1277 2996 1445 3041 amor
1471 2977 1707 3062 pudori,

601 3061 883 3127 Xanthia
911 3061 1196 3128 Phoceu!
1244 3062 1423 3127 Prius
1450 3063 1807 3132 insolentem

612 3147 809 3215 Serva
833 3148 1064 3213 Briseis
1091 3149 1266 3213 niveo
1296 3150 1492 3213 colore

953 3233 1151 3299 Movit
1176 3234 1479 3298 Achillem
1505 3255 1523 3314 ;

613 3320 805 3387 Movit
830 3320 1088 3405 Ajacem
1115 3320 1436 3384 Telamone
1466 3328 1678 3386 natum

612 3406 829 3473 Forma
856 3407 1130 3506 captivae
1160 3406 1464 3470 dominum
1492 3408 1852 3476 Tecmessae
1874 3425 1896 3490 ς

603 3492 782 3558 Arsit
806 3492 1059 3558 Atrides
1087 3493 1284 3556 medio
1312 3493 1376 3556 in
1404 3493 1705 3580 triumpho

950 3578 1206 3663 Virgine
1236 3585 1434 3663 rapta,

604 3663 914 3729 Barbarae
943 3672 1260 3764 postquam
1290 3665 1567 3729 cecidere
1598 3670 1831 3731 turmae

599 3749 887 3814 Thessalo
915 3759 1142 3814 victore
1196 3756 1260 3814 et
1286 3750 1605 3835 ademptus
1637 3751 1879 3819 Hector

602 3835 880 3902 Tradidit
906 3837 1079 3901 fessis
1106 3836 1333 3899 leviora
1360 3837 1491 3900 tolli

947 3922 1249 4004 Pergama
1279 3920 1477 3985 Grais.

506 4033 509 4035 ’
602 4007 863 4071 Nescias
915 4027 992 4070 an
1015 4013 1077 4071 te
1108 4027 1399 4090 generum
1427 4004 1591 4070 beati

600 4092 899 4179 Phyllidis
925 4093 1117 4158 flavae
1148 4093 1436 4156 decorent
1463 4096 1787 4177 parentasse

600 4179 864 4265 Regium
893 4186 1059 4243 certe
1089 4199 1281 4262 genus
1310 4183 1375 4242 et
1416 4184 1669 4263 penates

942 4264 1184 4330 Maeret
1208 4264 1293 4328 ini
1334 4285 1462 4329 uos.

598 4349 797 4417 Crede
826 4373 947 4417 non
973 4352 1136 4416 illam
1167 4351 1274 4414 tibi
1346 4371 1380 4415 e
1410 4350 1669 4415 scelesta

595 4435 784 4502 Plebe
815 4438 1117 4517 dilectam,
1146 4458 1345 4522 neque
1375 4436 1463 4501 sic
1490 4437 1755 4519 fidelem,

600 4520 703 4587 Sic
732 4525 900 4589 lucro
929 4544 1202 4588 aversam
1231 4523 1491 4607 potuisse
1520 4523 1690 4588 nasci

935 4608 1136 4673 Matre
1166 4609 1471 4692 pudenda.

595 4692 861 4758 Brachia
889 4699 955 4758 et
984 4695 1220 4757 roltum
1248 4700 1593 4778 teretesque
1623 4712 1798 4759 suras

593 4777 848 4864 Integer
872 4778 1054 4843 laudo
1079 4798 1096 4856 ;
1141 4779 1285 4861 fuge
1315 4779 1630 4862 suspicari,

453 4860 477 4885 ·’
595 4863 784 4955 Cujus
813 4872 1091 4931 octavum
1120 4863 1445 4948 trepidavit
1474 4870 1645 4929 aetas

940 4949 1239 5017 Claudere
1269 4952 1547 5015 lustrum.
1629 5028 1634 5034 ι

2288 3773 2350 3825 10

2283 4201 2347 4253 15
