2900 6042
738 582 764 601 1¹

781 754 881 835 ΙΙ

613 1633 842 1699 GARMEN
873 1635 923 1699 X.

418 1984 559 2048 erns
574 1979 668 2056 vives,
684 1978 792 2056 Licini,
806 1999 906 2062 neque
921 1979 1016 2042 altum

419 2068 545 2148 Semper
559 2064 696 2147 urgendo
722 2084 833 2147 neque,
849 2065 921 2127 dum
935 2055 1083 2148 procellae

375 2150 378 2155 ’
418 2151 533 2217 Cautus
548 2151 706 2228 horrescis,
721 2150 844 2212 nimium
859 2149 1021 2237 premendo

587 2235 673 2298 Litus
688 2234 832 2317 iniquum.
886 2256 898 2295 r

416 2321 553 2386 Auream
567 2321 701 2405 quisquis
715 2320 953 2385 mediocritatem

414 2407 522 2493 Diligit
548 2414 629 2470 tutus
645 2413 730 2469 caret
744 2406 867 2470 obsoleti

419 2493 562 2560 Sordibus
578 2492 661 2572 tecti,
677 2499 762 2555 caret
773 2491 937 2557 invidenda

589 2577 711 2642 Sobrius
730 2579 808 2640 aula.

418 2665 546 2749 Saepius
559 2664 656 2727 ventis
672 2664 805 2746 agitatur
819 2663 926 2746 ingens

416 2751 511 2814 Pinus
537 2757 570 2812 et
584 2751 681 2812 celsae
697 2749 834 2833 graviore
852 2769 925 2813 casu

417 2834 571 2899 Decidunt
585 2841 684 2898 turres
710 2835 883 2917 feriuntque
898 2854 1028 2898 summos

585 2919 724 3002 Fulgura
737 2927 863 2984 montes.

417 3003 528 3089 Sperat
542 3004 668 3084 infestis,
680 3006 788 3068 metuit
801 3005 942 3070 secundis

415 3090 555 3154 Alteram
570 3097 680 3153 sortem
694 3091 772 3154 benc
787 3099 1000 3176 praeparatum

416 3176 540 3241 Pectus.
585 3175 733 3239 Informes
746 3175 860 3241 hiemes
874 3177 994 3241 reducit

587 3260 742 3346 Juppiter,
765 3261 846 3324 idem

417 3345 600 3412 Summovet.
645 3347 716 3411 Non
743 3348 769 3411 si
783 3350 861 3412 male
875 3369 956 3413 nunc
983 3355 1016 3413 et
1029 3348 1099 3414 olim

421 3432 472 3498 Sic
489 3434 567 3498 erit:
609 3433 759 3519 quondam
774 3434 890 3498 cithara
903 3442 1056 3499 tacentem

416 3518 690 3600 suscitaturum,
705 3541 804 3605 neque
820 3541 938 3605 semper
951 3541 1055 3602 arcum

584 3607 695 3672 Tendit
708 3605 829 3691 Apollo.

415 3691 519 3756 Rebus
534 3694 668 3776 angentis
682 3693 830 3756 animosus
849 3698 942 3776 atque

414 3775 514 3839 Fortis
529 3797 640 3859 appare
654 3796 663 3852 ;
685 3778 837 3858 sapienter
851 3778 933 3841 idem

417 3858 583 3923 Contrahes
597 3867 687 3921 vento
701 3861 825 3923 nimium
839 3861 972 3925 secundo

585 3941 719 4024 Turgida
733 3943 811 4006 vela.

595 4368 823 4435 OARMEN
853 4368 929 4435 ΧΙ.

414 4714 500 4789 Qun>
513 4715 671 4780 bellicosus
686 4713 839 4780 Cantaber
864 4719 896 4777 et
911 4712 1054 4802 Scythes,

414 4799 543 4886 Hirpine
559 4800 674 4881 Quinti,
689 4801 803 4883 cogitet
830 4799 950 4866 Hadria
