2900 6042
1084 1414 1212 1463 ms.
1259 1415 1334 1463 11.
1383 1415 1522 1464 sn.
1570 1416 1674 1464 111.
1816 1494 1827 1502 ψ
2285 1399 2415 1468 168

311 1571 452 1639 Rex
480 1593 634 1638 sum.
726 1572 833 1637 Nil
861 1573 1023 1636 ultra
1052 1593 1280 1657 quaero
1311 1571 1603 1658 plebeius.
1699 1573 1784 1637 Et
1811 1593 2069 1658 aequam

314 1659 473 1725 Rem
500 1661 816 1746 imperito;
863 1681 933 1724 ac
966 1660 1016 1724 si
1047 1661 1146 1724 cui
1179 1660 1388 1724 videor
1416 1682 1537 1724 non
1556 1662 1786 1745 justus,
1815 1660 2007 1725 inulto

311 1745 538 1811 Dicere
569 1747 730 1832 quod
762 1748 948 1811 sentit
977 1748 1280 1830 permitto·
1374 1747 1641 1810 Maxime
1676 1769 1913 1830 regum,
2322 1767 2416 1818 190

311 1832 394 1898 Di
427 1834 534 1897 tibi
565 1834 713 1898 den-t
742 1844 921 1919 capta
950 1835 1202 1897 classem
1235 1833 1539 1897 deducere
1572 1833 1788 1918 Troja!
2159 1847 2194 1882 ⁰

312 1917 483 2004 Ergo
515 1923 825 1985 consulere
860 1928 924 1984 et
955 1943 1087 1984 mox
1121 1921 1486 2005 respondere
1517 1921 1724 1984 licebit
1750 1919 1776 1984 ἲ

313 2005 596 2071 Consule.
691 2008 818 2071 Cur
850 2009 1034 2092 Ajax,
1065 2009 1241 2071 heros
1273 2009 1346 2071 ab
1381 2009 1623 2071 Achille
1654 2008 1981 2088 secundus,

311 2093 588 2158 Putescit
619 2095 794 2158 toties
826 2096 1081 2158 servatis
1112 2097 1313 2158 clarus
1345 2096 1621 2174 Achivis,

313 2178 599 2246 Gaudeat
627 2193 697 2245 ut
727 2183 982 2266 populus
1015 2182 1240 2245 Priami
1274 2182 1674 2266 Priamusque
1703 2181 2036 2263 inhumato,
2326 2201 2415 2250 195

310 2266 439 2331 Per
467 2286 648 2353 quem
682 2277 770 2332 tot
792 2271 1051 2355 juvenes
1084 2271 1277 2352 patrio
1309 2290 1562 2332 caruere
1594 2267 1915 2353 sepulcro?

310 2353 483 2417 Mille
515 2357 714 2419 ovium
745 2356 989 2419 insanus
1022 2357 1197 2418 morti
1228 2355 1417 2433 dedit,
1450 2356 1722 2418 inclitum
1753 2354 1983 2420 Ulixen

311 2440 398 2505 Et
429 2441 775 2506 Menelaum
810 2463 930 2505 una
961 2463 1195 2505 mecum
1225 2463 1291 2504 se
1321 2441 1599 2505 occidere
1631 2442 1914 2504 clamans·

311 2527 408 2593 Tu
439 2550 574 2593 cum
606 2551 714 2614 pro
748 2529 935 2591 vitula
963 2529 1178 2591 statuis
1209 2528 1448 2591 dulcem
1481 2527 1706 2590 Aulide
1738 2534 1942 2591 natam

311 2615 483 2679 Ante
515 2637 652 2679 aras
682 2615 1038 2698 spargisque
1068 2616 1227 2678 mola
1256 2623 1462 2699 caput,
1493 2614 1786 2698 improbe,
1820 2615 2000 2694 salsa,
2321 2634 2417 2684 200

315 2701 577 2765 Rectum
612 2701 792 2764 animi
823 2699 1080 2764 servas?
1170 2700 1519 2775 Quorsum?
1597 2700 1855 2764 Insanus
1886 2700 2031 2786 quid
2061 2700 2220 2764 enim
2255 2700 2417 2787 Ajax

315 2787 493 2850 Fecit
524 2808 660 2851 cum
692 2788 908 2852 stravit
936 2789 1098 2851 ferro
1129 2787 1360 2871 pecus?
1454 2788 1770 2851 Abstinuit
1799 2788 1918 2852 vim

316 2872 530 2938 Uxore
561 2882 625 2937 et
654 2862 880 2957 gnat83
927 2875 1084 2938 mala
1114 2875 1302 2937 multa
1334 2885 1618 2959 precatus
1652 2875 1909 2954 Atridis,

316 2959 460 3024 Non
492 2961 592 3023 ille
625 2973 732 3024 aut
762 2961 1061 3024 Teucrum
1093 2974 1199 3024 aut
1229 2962 1423 3045 ipsum
1458 2962 1702 3030 violavit
1732 2961 1981 3026 Ulixen.

316 3045 552 3110 Verum
585 3069 721 3131 eg0‚
753 3055 822 3110 ut
851 3049 1172 3112 haerentes
1204 3050 1459 3113 adverso
1494 3051 1668 3112 litore
1699 3070 1887 3114 naves
2319 3067 2416 3119 205

317 3132 658 3218 Eriperem,
692 3135 954 3219 prudens
986 3136 1218 3219 placavi
1248 3137 1542 3220 sanguine
1575 3137 1764 3200 divos.

317 3219 558 3306 Nempe
589 3229 716 3297 tue,
747 3223 988 3286 furiose.
1068 3223 1235 3301 Me0,
1265 3224 1372 3286 sed
1407 3246 1525 3286 non
1555 3224 1837 3288 furiosus.

319 3304 440 3381 Qui
470 3309 703 3391 species
735 3310 881 3372 alias
916 3310 1072 3373 veris
1102 3311 1468 3393 scelerisque
1508 3313 1771 3374 tumultu

281 3393 288 3398 ’
317 3393 658 3458 Permixtas
691 3397 889 3479 capiet
920 3408 1249 3460 commotus
1279 3398 1621 3475 habebitur,
1654 3407 1837 3480 atque

320 3479 671 3546 stultitiane
703 3492 869 3545 erret
899 3484 1145 3546 nihilum
1179 3484 1426 3546 distabit
1458 3505 1535 3545 an
1566 3484 1676 3546 ira.
2322 3501 2419 3552 210

315 3567 483 3655 Ajax
509 3569 836 3633 immeritos
867 3591 1002 3632 cum
1033 3571 1254 3632 occidit
1287 3570 1507 3652 desipit
1537 3591 1762 3652 agnos:

319 3652 476 3719 Cum
505 3656 769 3741 prudens
800 3657 996 3719 scelus
1029 3656 1101 3719 ob
1136 3657 1338 3719 titulos
1369 3657 1636 3718 admittis
1667 3657 1899 3734 inaneS,

322 3739 464 3806 Stas
495 3743 691 3806 anitno
722 3752 785 3805 et
815 3763 1033 3826 purum
1066 3749 1160 3804 est
1190 3742 1332 3804 vitio
1365 3743 1493 3814 tibi,
1528 3762 1664 3804 cum
1691 3742 1991 3807 ,tumidum
2020 3747 2136 3821 est,
2167 3737 2320 3805 cor?

322 3827 391 3893 Si
421 3830 555 3914 quis
586 3829 807 3892 lectica
837 3828 1088 3891 nitidam
1118 3836 1360 3911 gestare
1392 3836 1555 3892 amet
1585 3850 1827 3912 agnam,

318 3914 485 3979 Huic
519 3924 772 3991 vestem,
804 3925 873 3978 ut
904 3922 1148 3996 gnatae,
1180 3921 1356 3998 paret
1385 3915 1655 3992 ancillas,
1687 3922 1863 3999 paret
1892 3937 2128 3996 aurum,
2323 3933 2421 3983 215

317 4001 547 4065 Rufam
578 4009 685 4064 aut
717 4001 1008 4064 Pusillam
1039 4002 1304 4086 appellet
1336 4002 1596 4086 fortique
1629 4002 1845 4065 marito

319 4087 607 4152 Destinet
636 4110 927 4165 uxorem3
972 4088 1296 4152 interdicto
1326 4089 1467 4152 huic
1501 4110 1674 4152 omne
1708 4089 1935 4153 adimat
1953 4088 2059 4174 jus

319 4174 580 4239 Praetor
609 4184 674 4238 et
701 4175 779 4238 ad
809 4196 987 4238 sanos
1018 4176 1197 4239 abeat
1228 4177 1422 4239 tutela
1453 4177 1831 4260 propinquos.

321 4258 484 4335 Quid
506 4260 534 4324 ἲ
553 4266 557 4270 ’
579 4262 630 4325 si
661 4262 795 4345 quis
828 4270 1075 4345 gnatam
1108 4285 1214 4346 pro
1244 4271 1414 4326 muta
1445 4263 1704 4327 devovet
1734 4283 1893 4346 agna
2444 4328 2448 4332 .

319 4350 574 4431 Integer
606 4361 700 4412 est
730 4348 959 4411 animi?
1052 4349 1150 4411 Ne
1183 4349 1423 4412 dixeris.
1517 4350 1682 4432 Ergo
1713 4351 1812 4412 ubi
1844 4371 2035 4435 prava
2325 4369 2423 4419 220

324 4435 597 4501 Stultitia
627 4436 724 4499 hic
756 4457 989 4497 summa
1021 4445 1114 4498 est
1144 4436 1408 4512 insania3
1458 4437 1561 4520 qui
1593 4437 1949 4518 sceleratus,

323 4523 409 4587 Et
437 4522 696 4586 furiosus
729 4523 877 4598 erit-;
925 4544 1104 4605 quem
1138 4525 1301 4605 cepit
1334 4524 1527 4585 vitrea
1557 4524 1739 4602 fama,

321 4613 503 4673 Hunc
537 4608 963 4672 circumtonuit
994 4609 1266 4692 gaudens
1299 4609 1556 4672 Bellona
1588 4611 1871 4674 cruentis.

319 4693 386 4758 N
390 4715 507 4758 unc
539 4716 652 4779 age
684 4695 982 4758 luxuriam
1008 4695 1079 4758 'et
1110 4694 1560 4758 Nomentanum
1592 4697 1788 4779 arripe
1820 4719 2094 4762 mecum:

320 4780 551 4845 Vincet
582 4783 742 4845 enim
772 4783 987 4845 stultos
1019 4783 1170 4845 ratio
1200 4783 1465 4845 insanire
1497 4793 1768 4865 nepoteS.
2328 4801 2426 4852 225

319 4866 446 4932 Hic
475 4868 653 4932 simul
683 4870 918 4953 aceepit
948 4869 1266 4954 patrimoni
1298 4870 1456 4932 mille
1490 4869 1741 4950 talenta,

319 4951 531 5021 Edicit
558 4955 821 5043 piscator
852 4958 964 5037 uti,
993 4957 1318 5042 pomariuS,
1351 4976 1599 5042 auceps,
