2900 6042
1166 1427 1295 1477 m.
1338 1427 1415 1477 11.
1460 1427 1596 1478 sar.
1641 1430 1791 1479 vm.
2376 1415 2504 1483 179

411 1581 702 1649 Audieris
728 1583 960 1648 melius.
1051 1582 1206 1647 Tum
1232 1582 1517 1648 Vibidius
1545 1583 1898 1649 Balatroni:

410 1669 478 1735 N
478 1691 544 1735 os
573 1670 686 1734 nisi
717 1670 998 1734 damnose
1028 1670 1284 1734 bibimus
1313 1671 1636 1735 moriemur
1664 1672 1877 1734 inulti:

411 1754 498 1820 Ει
527 1757 746 1821 calices
775 1758 965 1839 poscit
994 1758 1266 1842 majores·
1355 1756 1620 1822 Vertere
1659 1758 1849 1842 pallor
2435 1777 2499 1830 35

411 1841 566 1906 Tum
596 1844 840 1928 parochi
870 1843 1085 1907 faciem
1116 1844 1199 1906 nil
1228 1842 1312 1907 sic
1343 1843 1668 1906 metuentis
1697 1851 1767 1906 ιιι
1797 1865 1969 1909 acres

410 1927 686 2009 PotoreS,
717 1930 811 1993 vel
843 1929 1003 2014 quod
1034 1931 1188 1993 male
1220 1929 1430 1992 dicunt
1458 1929 1703 1993 liberius
1734 1931 1829 1994 vel

409 2014 674 2079 Fervida
703 2015 860 2100 quod
892 2017 1107 2079 subtile
1139 2015 1473 2079 exsurdant
1503 2017 1642 2080 vina
1671 2017 1955 2100 palatum.

410 2100 733 2165 Invertunt
761 2102 1043 2165 Allifanis
1075 2102 1305 2165 vinaria
1328 2110 1456 2165 tota

408 2185 690 2252 Vibidius
719 2187 1114 2272 Balatroque,
1144 2190 1367 2252 secutis
1397 2188 1671 2252 omnibus
1697 2208 1714 2263 ;
1756 2188 1859 2252 imi
2434 2213 2497 2262 ⁴0

408 2271 712 2338 Convivae
741 2274 883 2338 lecti
914 2274 1163 2338 nihilum
1195 2296 1455 2338 nocuere
1485 2275 1739 2356 lagenis.

405 2359 682 2423 Affertur
709 2361 954 2444 squillas
983 2361 1142 2424 inter
1171 2382 1463 2424 muraena
1490 2368 1772 2424 natantes

405 2444 483 2509 In
513 2445 718 2530 patina
745 2454 1045 2531 porrecta.
1140 2443 1267 2510 Sub
1296 2447 1408 2510 hoe
1437 2446 1659 2510 herus:
1706 2446 1919 2510 ‘Haec
1949 2446 2245 2530 gravida,'
2276 2446 2494 2533 inquit,

403 2535 423 2569 ‘
447 2529 642 2615 Capta
671 2539 788 2609 est,
824 2531 1088 2595 deterior
1117 2540 1251 2616 post
1281 2539 1522 2616 partum
1552 2552 1733 2595 earne
1764 2532 1986 2595 futura.

403 2616 522 2681 His
551 2618 803 2681 mixtum
823 2618 928 2701 jus
956 2625 1093 2681 est:
1141 2619 1271 2682 oleo
1300 2617 1463 2701 quod
1494 2617 1684 2701 prima
1712 2616 1972 2682 Venafri
2428 2638 2493 2688 45

403 2702 636 2768 Pressit
666 2704 820 2767 cella
845 2725 862 2781 ;
910 2724 1056 2786 garo
1086 2702 1162 2766 de
1193 2703 1389 2767 suecis
1418 2703 1599 2788 piscis
1629 2703 1884 2782 Hiberi3

401 2788 567 2852 Vino
596 2789 989 2873 quinquen’ni,
1020 2811 1228 2852 verum
1260 2790 1413 2853 citra
1441 2810 1607 2854 mare
1631 2797 1802 2877 nate,

404 2874 566 2939 Dum
599 2876 877 2960 coquitur
894 2913 978 2924 —
999 2883 1168 2939 cocto
1199 2875 1416 2940 Chium
1446 2876 1532 2940 sic
1565 2877 1867 2955 convenit,
1897 2883 1967 2939 ιιι
1992 2897 2113 2940 non

405 2961 540 3025 Hoc
569 2962 763 3044 magis
793 2963 979 3025 ullum
1009 2962 1171 3026 aliud
1195 2983 1320 3039 3—
1338 2962 1545 3046 pipere
1578 2962 1735 3041 albo,
1764 2984 1887 3026 non
1915 2963 2044 3028 sine
2074 2967 2272 3041 aceto,

380 3045 579 3121 -Quod
609 3047 1103 3131 Methymnaeam
1133 3049 1277 3113 vitio
1307 3049 1635 3112 mutaverit
1663 3071 1862 3113 uvam.
2421 3063 2491 3116 ω

403 3131 636 3197 Erucas
665 3135 908 3213 virides,
937 3135 1131 3198 inulas
1162 3156 1275 3219 ego
1305 3135 1533 3220 primus
1564 3156 1800 3199 amaras

401 3218 735 3285 Monstravi
764 3222 1086 3305 incoquere
1114 3240 1131 3298 3
1177 3220 1395 3285 inlutos
1427 3220 1720 3286 Curtillus
1750 3222 2016 3303 echinos,

405 3304 492 3370 Ut
519 3306 733 3371 melius
761 3308 955 3370 muria
986 3307 1146 3390 quod
1177 3315 1337 3372 testa
1365 3309 1597 3372 marina
1626 3308 1937 3373 remittat!

403 3390 646 3457 Interea
672 3414 963 3476 suspensa
991 3414 1207 3476 graves
1237 3395 1451 3458 aulaea
1478 3395 1681 3459 ruinas
2049 3461 2065 3476 ‚

397 3475 475 3543 In
502 3479 769 3563 patinam
796 3479 1022 3558 fecere,
1053 3480 1356 3544 trahentia
1382 3481 1649 3565 pulveris
1683 3480 1802 3544 atri
2419 3501 2492 3555 ω

397 3563 704 3639 Quantum
732 3588 851 3629 non
883 3566 1111 3649 Aquilo
1143 3564 1466 3649 Campanis
1496 3568 1721 3629 excitat
1750 3565 1929 3648 agris.

396 3649 528 3715 Nos
555 3652 750 3736 majus
779 3652 954 3714 veriti
985 3659 1304 3735 postquam
1333 3652 1480 3714 nihil
1511 3672 1642 3714 esse
1675 3651 1884 3734 pericli

399 3734 708 3801 Sensimus
737 3738 1043 3821 erigimur.
1135 3736 1334 3800 Rufus
1368 3737 1555 3820 posito
1587 3736 1807 3820 capite,
1841 3743 1912 3800 ιιι
1939 3736 1991 3800 si

395 3820 586 3887 Filius
613 3823 968 3886 immaturus
1001 3821 1246 3900 obisset,
1275 3823 1443 3885 flere.
1540 3820 1689 3895 Quis
1721 3829 1883 3886 esset

393 3907 564 3974 Finis
593 3908 656 3971 ni
685 3909 925 3992 sapiens
953 3908 1038 3971 sic
1070 3907 1489 3971 Nomentanus
1520 3907 1775 3971 amicum
2418 3928 2486 3982 ω

286 4050 290 4054 .
392 3994 697 4060 Tolleret:
743 3999 762 4031 ‘
790 3994 958 4073 Heu,
988 3994 1279 4072 Fortuna,
1311 3994 1444 4078 quis
1476 4000 1570 4057 est
1599 3993 1901 4057 crudelior
1927 3993 1989 4058 in
2018 4013 2130 4058 nos

392 4080 481 4146 'l'e
514 4078 713 4143 deus?
802 4079 893 4145 Ut
920 4101 1159 4165 semper
1188 4079 1418 4165 gaudes
1445 4080 1700 4144 illudere
1731 4080 1911 4143 rebus

392 4165 730 4232 Humanis!
755 4165 772 4196 ’
863 4165 1089 4231 Varius
1118 4187 1336 4253 mappa
1366 4186 1748 4251 compescere
1778 4166 1964 4231 risum

392 4251 520 4317 Vix
549 4258 807 4337 poterat.
899 4252 1148 4317 Balatro
1177 4253 1552 4338 suspendens
1582 4253 1782 4317 omnia
1808 4272 1979 4332 naso,

391 4343 413 4378 ‘
436 4339 612 4403 Haec
643 4347 736 4402 est
766 4338 1036 4403 condicio
1066 4339 1347 4416 vivendi‚’
1382 4339 1603 4418 aiebat,
1632 4343 1651 4377 ‘
1674 4359 1867 4422 eoque
2417 4354 2485 4407 ω

393 4424 782 4510 Responsura
811 4433 916 4489 tuo
945 4448 1252 4510 nunquam
1283 4434 1378 4488 est
1406 4447 1517 4511 par
1546 4426 1706 4488 fama
1733 4423 1944 4488 labori.

393 4512 559 4577 Tene
590 4519 661 4575 ιιι
693 4533 807 4596 ego
838 4512 1102 4597 accipiar
1130 4513 1294 4575 laute
1327 4513 1665 4595 torquerier
1693 4511 1854 4574 omni

396 4597 811 4663 Sollicitudine
844 4598 1203 4676 districtum,
1231 4619 1310 4660 ne
1343 4598 1514 4680 panis
1543 4597 1818 4674 adustus,

393 4683 494 4749 Ne
525 4685 682 4749 male
713 4684 1019 4749 condit-um
1040 4685 1143 4768 jus
1174 4690 1532 4766 apponatur,
1563 4691 1633 4746 ut
1661 4702 1868 4746 omnes

392 4769 740 4836 Praecineti
767 4777 935 4835 reete
967 4771 1136 4854 pueri
1166 4769 1510 4853 comptique
1538 4765 1913 4833 ministrent!
2003 4766 2010 4774 '
2414 4782 2483 4836 70

392 4857 578 4923 Adde
606 4857 715 4922 hos
744 4865 1063 4943 praeterea
1091 4876 1289 4934 casus,
1319 4855 1535 4919 aulaea
1569 4863 1752 4917 ruant
1777 4852 1831 4916 si

392 4942 487 5010 Ut
510 4943 731 5022 modo;
776 4964 827 5009 si
855 4942 1122 5029 patinam
1150 4941 1542 5028 pedelapeus
1570 4939 1813 5024 frangat
1840 4956 2048 5024 agaso.
