2900 6042
953 1437 1324 1485 samniam
1375 1438 1500 1484 mr.
1549 1438 1592 1483 1.
1640 1414 1773 1483 s'A‘r.
1820 1437 1864 1483 1.

406 1590 739 1656 Praeterea
768 1614 845 1656 ne
876 1592 985 1671 sic,
1015 1599 1085 1654 ut
1116 1592 1214 1676 qui
1238 1592 1557 1676 jocularia,
1588 1592 1793 1654 ridens

406 1678 768 1742 Percurram
805 1682 1205 1763 (quamquam
1239 1679 1533 1742 ridentem
1567 1679 1768 1742 dicere
1800 1700 2010 1742 verum

407 1763 564 1838 Quid
599 1765 810 1828 vetat?
859 1775 926 1827 ut
958 1766 1156 1849 pueris
1186 1766 1323 1827 olim
1355 1765 1503 1827 dant
1533 1766 1800 1828 crustula
1828 1764 2031 1828 blandi

403 1849 720 1930 DoctoreS,
752 1853 1051 1917 clementa
1082 1852 1265 1914 velint
1295 1861 1363 1913 nt
1397 1851 1629 1915 discere
1663 1852 1927 1936 prima);

409 1937 533 2000 Sed
565 1946 765 2000 tamen
799 1947 993 2000 amoto
1025 1959 1385 2020 quaeramus
1417 1939 1574 2000 seria
1605 1939 1764 2001 ludo.

405 2023 517 2086 Ille
551 2046 794 2107 gravem
826 2025 976 2086 duro
1010 2033 1230 2086 terram
1263 2025 1366 2107 qui
1398 2025 1580 2087 vertit
1610 2032 1831 2104 aratrO,

404 2109 682 2173 Perfidus
713 2111 806 2173 hic
839 2131 1053 2194 caupo,
1082 2111 1275 2188 miles,
1306 2119 1648 2194 nautaeque
1680 2132 1789 2194 per
1818 2130 1991 2173 omne

404 2197 688 2259 Audaces
720 2218 884 2260 mare
917 2197 1018 2280 qui
1050 2206 1319 2274 currunt,
1349 2198 1462 2260 hac
1495 2204 1695 2259 mente
1726 2197 1991 2260 laborem

406 2282 552 2345 Sese
585 2283 766 2359 ferre,
798 2305 973 2345 senes
1007 2292 1074 2345 ut
1102 2283 1162 2345 in
1194 2285 1315 2346 otia
1346 2293 1479 2346 tuta
1509 2283 1820 2361 recedant,

400 2369 617 2445 Aiunt,
648 2391 831 2452 quum
863 2370 973 2432 sibi
1004 2368 1125 2431 sint
1154 2381 1441 2451 congesta
1471 2370 1730 2432 cibaria:
1780 2370 1940 2432 sicut

403 2455 688 2528 Parvula,
722 2477 859 2517 nam
890 2456 1162 2538 exemplo
1194 2470 1302 2531 est,
1333 2457 1535 2537 magni
1567 2455 1810 2518 formica
1843 2454 2061 2518 laboris

404 2540 528 2604 Ore
563 2542 746 2604 trahit
775 2542 1175 2623 quodcunque
1207 2548 1406 2624 potest
1434 2549 1618 2626 atque
1649 2541 1820 2603 addit
1849 2560 2090 2620 acervo,

402 2625 597 2700 Quem
628 2627 808 2690 struit
836 2626 999 2689 haud
1030 2627 1244 2709 ignara
1274 2647 1346 2690 ac
1376 2647 1497 2690 non
1526 2628 1769 2690 incauta
1798 2626 2004 2689 futuri.

402 2713 598 2792 Quae,
629 2713 802 2776 simul
834 2714 1140 2775 inversum
1172 2713 1491 2776 contristat
1519 2713 1827 2797 Aquarius
1859 2734 2106 2793 annum,

400 2799 464 2862 N
467 2822 543 2862 on
576 2820 827 2882 usquam
862 2800 1127 2883 prorepit
1157 2810 1219 2862 et
1248 2800 1362 2862 illis
1394 2800 1587 2862 utitur
1616 2793 1757 2862 ante

401 2884 701 2959 Quaesitis
733 2887 1008 2969 sapiens;
1056 2907 1238 2968 quum
1272 2893 1332 2948 tc
1363 2907 1561 2969 neque
1593 2885 1861 2949 fervidus
1892 2891 2095 2950 aestus

400 2971 737 3034 Demoveat
766 2973 956 3050 lucz-0,
990 2994 1185 3055 neque
1210 2972 1430 3049 iiiemS,
1462 2972 1639 3054 ignis,
1671 2993 1861 3051 mare,
1891 2972 2140 3054 ferrum,

400 3056 508 3121 Nil
537 3059 734 3122 obstet
764 3059 868 3120 tibi
900 3058 1042 3120 dum
1074 3080 1150 3121 ne
1181 3059 1261 3121 sit
1290 3067 1348 3121 te
1382 3059 1563 3121 ditior
1592 3060 1767 3122 alter.

399 3143 558 3217 Quid
579 3146 757 3229 juvat
788 3146 1139 3207 immensum
1173 3155 1231 3207 te
1264 3145 1501 3228 argenti
1535 3145 1767 3228 pondus
1799 3151 1864 3208 et
1892 3145 2026 3209 auri

399 3230 629 3293 Furtim
664 3231 900 3293 defossa
932 3231 1203 3294 timidum
1234 3231 1537 3315 deponere
1570 3239 1739 3294 terra
1766 3229 1791 3294 ?

398 3323 438 3354 ‘⁶
464 3316 634 3390 Quod
667 3318 717 3380 si
747 3318 1112 3381 comminuas
1143 3317 1319 3380 vilem
1354 3317 1664 3400 redigatur
1693 3317 1772 3381 ad
1803 3316 2063 3380 assem.'’

327 3412 335 3421 ‘
396 3403 489 3467 At
518 3405 579 3466 ni
608 3404 670 3466 id
699 3405 768 3465 fit
797 3404 942 3486 qnid
973 3405 1154 3467 habet
1184 3404 1416 3487 pulchri
1447 3413 1827 3468 constructus
1856 3399 2163 3469 acervus?

397 3489 571 3553 Milia
619 3491 904 3552 frumenti
935 3503 1040 3553 tua
1068 3491 1306 3552 triverit
1335 3511 1477 3552 area
1507 3498 1773 3567 centum,

398 3574 537 3640 Non
571 3585 708 3639 tuus
738 3576 850 3639 hoc
883 3577 1083 3659 capiet
1113 3585 1327 3638 venter
1359 3577 1491 3659 plus
1522 3597 1593 3639 ac
1624 3598 1794 3641 meus
1819 3600 1834 3641 ε
1883 3584 1953 3641 ut
1981 3578 2031 3643 si

396 3661 742 3725 Reticulum
773 3663 942 3746 panis
976 3663 1217 3724 venales
1248 3663 1408 3724 inter
1438 3669 1651 3726 onusto

393 3747 578 3811 Forte
609 3749 794 3811 vehas
823 3750 1096 3823 humero,
1126 3748 1309 3810 nihilo
1339 3748 1474 3831 plus
1506 3749 1767 3832 accipias
1795 3770 1979 3833 quam

395 3832 514 3907 Qui
543 3834 626 3897 nil
658 3835 931 3918 portarit.
1023 3833 1144 3897 Vel
1175 3833 1272 3896 dic
1304 3834 1448 3916 quid
1482 3835 1707 3898 referat
1734 3836 1895 3899 intra

393 3920 671 3983 Naturae
703 3921 853 3982 fines
887 3919 1132 3999 viventi,
1152 3920 1378 4003 jugera
1407 3929 1652 3984 centum
1681 3941 1761 3984 an

392 4005 565 4069 Mille
598 4005 783 4069 aret?
873 4010 914 4043 “
938 4006 1030 4068 At
1057 4027 1243 4069 suave
1277 4014 1372 4069 est
1401 4028 1477 4069 ex
1506 4028 1724 4090 magno
1756 4008 1964 4073 tollere
1996 4009 2285 4074 acervo.”

392 4092 555 4156 Dum
589 4114 662 4156 ex
692 4113 878 4176 parvo
907 4092 1076 4155 nobis
1107 4092 1464 4156 tantundem
1493 4093 1734 4157 haurire
1766 4095 1917 4158 relin
1961 4115 2092 4175 uas,

395 4177 523 4243 Cur
554 4187 658 4242 tua
690 4180 820 4262 plus
852 4178 1062 4242 laudes
1092 4179 1353 4242 cumeris
1381 4181 1667 4262 granaria
1695 4116 1962 4245 nostris}

393 4264 486 4328 Ut
516 4265 619 4328 tibi
652 4266 700 4328 si
732 4266 811 4328 sit
839 4285 989 4348 opus
1019 4265 1229 4349 liquidi
1260 4287 1378 4329 non
1409 4267 1665 4350 amplius
1695 4288 1871 4347 urna,

391 4350 516 4414 Vel
549 4352 792 4436 cyatho,
823 4362 885 4414 ct
916 4351 1104 4430 dicaS,
1137 4358 1177 4388 “
1207 4351 1436 4434 Magno
1468 4353 1543 4415 de
1574 4354 1816 4416 flumine
1848 4353 2049 4417 malim

393 4435 588 4511 Quam
619 4460 695 4500 ex
726 4439 836 4501 hoc
868 4438 1154 4500 fonticulo
1185 4438 1541 4500 tantundem
1574 4439 1878 4503 sumere.”
1969 4439 2063 4503 Eo
2092 4439 2164 4508 fit

391 4523 636 4587 Plenior
665 4529 735 4587 ut
763 4524 814 4588 si
845 4544 994 4606 quos
1026 4523 1292 4586 delectet
1321 4525 1494 4606 copia
1524 4526 1692 4607 justo

392 4609 546 4675 Cum
576 4611 707 4694 ripa
740 4610 914 4673 simul
947 4610 1184 4672 avulsos
1214 4610 1375 4673 ferat
1403 4609 1667 4674 Aufidus
1697 4631 1858 4675 acer.

388 4696 482 4759 At
509 4697 614 4779 qui
644 4696 861 4759 tantuli
891 4703 1032 4778 eget
1065 4704 1290 4778 quanto
1320 4702 1415 4758 est
1443 4718 1593 4779 opus
1623 4696 1673 4760 is
1702 4718 1900 4780 neque
1930 4696 2072 4761 limo

390 4780 719 4848 Turbatam
749 4782 952 4845 haurit
981 4802 1201 4864 aquam
1230 4802 1427 4864 neque
1464 4783 1646 4845 vitam
1677 4783 1900 4846 amittit
1926 4781 1992 4848 in
2018 4782 2214 4850 undis.

388 4866 483 4931 At
504 4867 665 4932 bona
690 4888 831 4951 pars
861 4867 1165 4930 hominum
1196 4867 1457 4952 decepta
1487 4869 1766 4951 cupidine
1797 4870 1971 4950 falsO‚

2369 1417 2495 1483 125

2431 3082 2495 3130 40

2421 3945 2489 3997 50

2418 4802 2486 4856 6⁰

388 4956 433 4992 “
452 4951 563 5018 Nil
589 4954 736 5019 satis
765 4953 925 5035 est,’'
957 4953 1193 5037 inquit;
1240 4957 1280 4990 “
1305 4954 1449 5038 quia
1479 4955 1630 5018 tanti
1660 4963 1954 5041 quantum
1981 4956 2207 5023 habeas
2234 4953 2383 5022 sis.”

1155 5037 1278 5102 11·
