2900 6042
507 1348 682 1397 ammoto

243 1500 348 1565 Motus
362 1501 464 1566 dooeri
479 1503 593 1586 gaudet
607 1501 726 1566 Ionicos

244 1586 368 1652 Matura
383 1588 468 1670 virgo
494 1595 527 1652 et
539 1588 665 1671 fingitur
679 1587 814 1670 artibus3
860 1668 862 1672 Ι

284 1672 307 1737 J
308 1694 357 1736 am
371 1695 451 1737 nuno
467 1681 499 1737 et
512 1675 642 1737 incestos
657 1695 774 1737 amores

330 1758 378 1822 De
394 1765 498 1822 tenero
513 1760 677 1823 meditatur
690 1759 807 1843 ungui:

245 1842 318 1907 Mox
327 1845 462 1928 juniores
477 1845 596 1928 quaerit
610 1845 763 1909 adulteros

242 1928 329 1992 Inter
343 1931 442 1993 mariti
456 1931 537 2009 vina,
551 1951 650 2013 neque
666 1931 751 2013 elim't

288 2013 345 2078 cui
360 2015 451 2078 donet
464 2017 650 2099 imper-missa
665 2017 776 2100 raptim

331 2098 451 2165 Gaudia
476 2101 636 2165 luminibus
651 2103 792 2177 remotis;

245 2182 308 2249 Sed
318 2185 405 2268 jussa
419 2207 519 2249 eoram
534 2208 593 2250 non
608 2188 672 2251 sine
687 2188 806 2252 oonsoio
862 2264 869 2273 ,

245 2267 352 2353 Surgit
365 2272 483 2350 marito,
497 2293 553 2335 seu
568 2281 655 2336 vocat
669 2273 788 2337 institor

288 2354 352 2420 Seu
365 2358 450 2421 navis
465 2357 619 2442 Hispanae
634 2359 800 2442 magister„

330 2442 521 2508 Dedecorum
536 2444 684 2528 pretiosus
698 2451 826 2529 emptor.

243 2524 316 2591 Non
328 2528 375 2592 his
384 2531 530 2614 juventus
545 2539 611 2594 orta
624 2531 799 2613 parentibus

243 2612 355 2676 Infecit
369 2636 482 2698 aequor
496 2616 641 2696 sanguine
657 2615 784 2694 Punico,

285 2697 497 2783 Pyrrhumque
514 2706 546 2760 et
559 2701 712 2779 ingentem
727 2698 837 2761 cecidit

326 2783 510 2845 Antiochum
535 2781 797 2868 Hannibalemque
812 2781 931 2863 dirum3

245 2863 309 2928 Sed
322 2863 501 2929 rusticorum
516 2866 650 2928 mascula
663 2867 790 2930 militum

242 2947 359 3029 Proles,
376 2949 502 3013 Sabellis
518 2950 608 3014 doota
621 2951 770 3034 ligonibus

286 3035 420 3099 Versare
436 3036 539 3119 glebas
565 3044 597 3099 et
611 3058 736 3102 severae

305 3166 320 3191 .
329 3119 438 3184 Matris
453 3121 493 3184 ad
507 3121 661 3186 arbitrium
676 3125 787 3189 reoisos

243 3206 371 3271 Portare
385 3206 492 3287 fustes,
503 3208 547 3272 sol
561 3208 613 3271 ubi
627 3210 771 3274 montium

243 3291 381 3357 Mutaret
394 3293 515 3357 umbrae
529 3300 561 3357 et
569 3295 647 3379 juga
661 3295 798 3361 demeret

284 3377 387 3442 Bobus
401 3379 546 3462 fatigatis,
562 3381 689 3444 amicum

327 3462 458 3549 Tempus
473 3487 566 3551 agens
580 3466 709 3530 abeunte
725 3486 830 3533 ourrn.
905 3457 913 3472 ⁸

241 3547 395 3614 Damnosa
409 3552 481 3635 quid
496 3573 556 3615 non
570 3552 718 3615 imminuit
732 3549 821 3615 diesi

241 3633 340 3701 Aetas
354 3645 513 3720 parentum
540 3638 624 3722 pejor
638 3638 702 3702 avis
728 3637 799 3702 tulit

283 3721 348 3786 Nos
362 3724 532 3806 nequiores,
546 3745 615 3786 mox
630 3723 755 3788 daturos
869 3790 871 3793 .

324 3805 505 3890 Progeniem
520 3808 711 3873 vitiosiorem.

404 4221 637 4290 GARMEN
665 4223 777 4293 VII.

241 4565 327 4642 Qum
341 4567 407 4650 fles,
422 4567 556 4649 Asterie,
571 4592 662 4654 quem
677 4569 731 4634 tibi
746 4568 867 4635 candidi

241 4652 343 4718 Primo
360 4655 520 4719 restituent
535 4677 606 4721 vere
620 4655 748 4721 Favonii

174 4799 185 4816 ‚
286 4738 332 4801 'Ph
375 4761 509 4805 ameroe
523 4741 656 4822 beatum,

326 4761 498 4890 gblnstantis
507 4826 651 4910 juvenem
664 4824 737 4905 fide,
