2900 6042
1164 1568 1293 1616 m.
1338 1569 1411 1618 11.
1457 1569 1594 1618 sn.
1643 1571 1705 1619 v.
2181 1624 2185 1629 ,
2360 1546 2490 1618 171

386 1716 657 1785 Perduci
686 1722 907 1806 poterit
937 1730 1062 1786 tam
1091 1723 1253 1807 frugi
1284 1733 1531 1810 tamque
1563 1726 1807 1810 pudica,

389 1805 588 1882 Quam
617 1809 903 1893 nequiere
937 1811 1101 1894 proci
1133 1821 1301 1875 recto
1333 1812 1637 1895 depellere
1669 1811 1900 1877 cursu?
1922 1812 1965 1844 ”

387 1899 426 1935 “
451 1893 645 1960 Venit
673 1897 833 1960 enim
861 1918 1149 1980 magnum
1180 1898 1442 1962 donandi
1474 1920 1659 1983 parca
1678 1902 1997 1984 juventuS‚

389 1980 528 2046 Nec
558 1988 794 2046 tantum
826 1984 1084 2064 veneris,
1115 1997 1407 2068 quantum
1438 1986 1707 2051 studiosa
1736 1987 1996 2052 culinae.
2424 2009 2489 2054 ευ

393 2066 496 2132 Sic
527 2068 634 2132 tibi
663 2068 969 2154 Penelope
999 2071 1163 2155 frugi
1193 2081 1308 2151 est,
1341 2093 1498 2156 quae
1528 2072 1581 2136 si
1609 2073 1796 2137 semel
1826 2095 1948 2138 uno

390 2154 488 2219 De
519 2176 663 2219 sene
695 2158 954 2240 gustarit
986 2164 1188 2222 tecum
1219 2160 1441 2242 partita
1469 2160 1776 2237 lucellum,

391 2241 487 2307 Ut
517 2242 682 2306 canis
713 2264 750 2307 a
780 2245 941 2307 corio
971 2267 1279 2330 nunquam
1311 2246 1747 2310 absterrebitur
1775 2253 1978 2309 uncto.

392 2328 500 2393 Me
525 2349 670 2392 sene
701 2330 862 2414 quod
894 2330 1092 2395 dicam
1122 2333 1351 2396 factum
1382 2340 1478 2396 est
1504 2353 1520 2393 ε
1567 2353 1718 2396 anus
1747 2332 2020 2418 improba
2048 2332 2271 2399 Thebis

392 2414 491 2481 Ex
521 2423 883 2480 testamento
911 2418 998 2482 sic
1030 2429 1126 2482 est
1156 2420 1351 2482 elata:
1402 2419 1666 2483 cadaver
2074 2462 2077 2466 -
2421 2439 2487 2489 85

393 2501 663 2567 Unctum
693 2505 825 2567 oleo
856 2505 1025 2587 largo
1052 2504 1232 2568 nudis
1261 2505 1526 2569 humeris
1556 2506 1696 2568 tulit
1722 2504 1923 2586 heres,

398 2587 647 2653 Scilicet
676 2590 834 2653 elabi
863 2591 911 2653 si
946 2599 1148 2674 posset
1175 2600 1454 2667 mortua3
1500 2592 1683 2655 credo

396 2673 575 2750 Quod
605 2676 850 2740 nimium
882 2677 1184 2741 institerat
1213 2677 1458 2740 viventi.
1550 2676 1782 2742 Cautus
1812 2676 2013 2742 adito:

396 2762 540 2828 Neu
573 2762 733 2827 desis
766 2784 985 2847 operae
1016 2785 1170 2827 neve
1201 2763 1631 2827 immoderatus
1661 2763 1954 2828 abundes.

394 2847 717 2916 Difficilem
747 2857 812 2913 ct
841 2871 1139 2914 morosum
1169 2850 1434 2914 offendet
1464 2850 1744 2934 garrulus
1775 2850 1972 2929 ultro;
2426 2869 2491 2920 9⁰

396 2935 541 3000 Non
572 2936 753 2999 etiam
783 2936 979 3000 sileas.
1070 2937 1282 3000 Davus
1313 2937 1394 3000 sis
1425 2938 1692 3001 comicus
1723 2945 1907 3020 atque

400 3021 542 3087 Stes
574 3023 772 3106 capite
802 3023 1056 3107 obstipo,
1088 3024 1342 3087 multum
1373 3024 1580 3088 similis
1609 3025 1925 3087 metuenti.

399 3107 708 3194 Obsequio
736 3130 1012 3193 grassare
1040 3130 1057 3187 ;
1103 3132 1301 3187 mone,
1333 3112 1383 3174 si
1411 3111 1713 3175 increbuit
1741 3130 1914 3188 aura,

398 3195 631 3261 Cautus
662 3197 750 3260 uti
785 3197 944 3260 velet
974 3218 1179 3261 carum
1204 3206 1434 3282 *caput3
1482 3198 1735 3261 extrahe
1766 3198 1946 3262 turba

398 3282 705 3368 oppositis
733 3284 999 3347 humeris
1024 3305 1042 3360 ;
1088 3306 1296 3349 aurem
1327 3284 1671 3367 substringe
1702 3284 1961 3368 loquaci.
2426 3298 2496 3354 na

396 3368 982 3455 Importunas-amat
1009 3371 1284 3449 laudari3
1330 3372 1523 3435 donec
1560 3369 1695 3435 Ohe
1717 3370 1884 3455 jam!

396 3456 503 3521 Ad
533 3459 766 3522 caelum
798 3458 1073 3521 manibus
1104 3459 1354 3521 sublatis
1384 3458 1627 3535 dixerit,
1657 3478 1835 3540 urge,

401 3542 790 3608 Crescentem
820 3544 1063 3608 tumidis
1091 3546 1237 3609 infla
1264 3545 1638 3608 sermonibus
1667 3553 1886 3607 utrem.

400 3629 555 3695 Cum
587 3638 649 3694 te
678 3632 921 3695 servitio
953 3632 1130 3714 longo
1161 3652 1430 3715 curaque
1462 3631 1702 3709 levarit,

398 3717 486 3782 Et
514 3725 745 3781 certum
780 3718 1055 3798 vigilam,
1088 3716 1402 3791 QUARTAE
1434 3734 1538 3780 sn·
1567 3732 1799 3780 PAR'HS
1832 3715 2113 3795 Umm,
2408 3734 2497 3784 100

398 3804 712 3884 Audieris,
743 3822 990 3867 finnus:
1040 3802 1206 3886 Ergo
1234 3824 1396 3866 nunc
1430 3803 1628 3867 Dama
1656 3802 1876 3866 sodalis

400 3890 722 3975 Nusquam
752 3889 898 3953 est?
964 3889 1147 3954 Unde
1179 3889 1321 3952 mihi
1356 3897 1482 3952 tam
1513 3890 1730 3952 fortem
1758 3897 2004 3972 tamque
2034 3885 2323 3951 fidelem?

404 3975 639 4063 Sparge
671 3975 949 4054 subinde,
980 3983 1066 4056 et,
1096 3975 1147 4038 si
1179 3976 1423 4060 paulum
1455 3983 1646 4060 potes,
1677 3975 2076 4039 illacrimare:
2125 3981 2221 4037 est

403 4062 647 4130 Gaudia
677 4062 1028 4148 prodentem
1065 4063 1290 4125 voltum
1320 4063 1539 4126 celare.
1634 4060 1995 4146 Sepulcrum
2024 4090 2029 4094 ·

400 4150 774 4216 Permissum
805 4149 1053 4213 arbitrio
1081 4149 1209 4212 sine
1240 4149 1516 4213 sordibus
1546 4157 1829 4221 exstrue;
1875 4148 2059 4212 funus
2412 4164 2502 4215 1oe

403 4237 670 4322 Egregie
701 4237 930 4301 factum
959 4235 1171 4300 laudet
1199 4236 1434 4299 vicinia.
1529 4235 1596 4300 Si
1624 4236 1758 4321 quis

404 4324 588 4389 Forte
619 4323 984 4387 coheredum
1014 4323 1213 4387 senior
1241 4323 1398 4387 male
1431 4323 1665 4402 tussiet,
1694 4322 1836 4386 huic
1869 4327 1937 4384 tu

404 4410 547 4491 Dic,
579 4431 655 4474 ex
684 4419 855 4495 parte
888 4417 994 4473 tua
1022 4431 1132 4474 seu
1159 4409 1334 4473 fundi
1363 4410 1491 4473 sive
1522 4409 1732 4472 domus
1760 4409 1841 4473 sit

407 4495 689 4582 Emptor‚
718 4497 1087 4581 gaudentem
1114 4517 1358 4559 nummo
1389 4503 1451 4559 te
1481 4495 1785 4558 addicere.
1881 4491 2009 4557 Sed
2037 4513 2136 4557 mc

407 4582 741 4670 Imperiosa
768 4583 957 4648 trahit
987 4582 1392 4669 Proserpina;
1440 4582 1576 4647 vive
1606 4579 1933 4666 valeque.''
2037 4666 2044 4674 ι
2415 4593 2507 4646 110
