2900 6042
886 1889 964 1965 Q.
989 1894 992 1897 ’
1024 1887 1402 1959 HORA'HI
1458 1885 1779 1955 FLAOOI

387 2131 1094 2231 CARMEN
1185 2131 2255 2223 SAECULARE.

1180 2386 1491 2434 —4—

718 2583 989 2650 PHOEBE
1039 2581 1553 2668 silvarumquepo
1552 2589 1688 2648 bens
1716 2583 1938 2686 Diam,

721 2670 1021 2736 Lucidum
1046 2668 1201 2734 caeli
1230 2668 1440 2748 decus,
1467 2690 1506 2734 o
1474 2603 1769 2734 pocolendi

721 2755 978 2841 Semper
1006 2761 1072 2820 et
1099 2754 1269 2834 culti,
1298 2753 1465 2835 date,
1493 2775 1651 2840 quae
1680 2776 2002 2841 precamur

1066 2841 1359 2924 Tempore
1387 2861 1584 2921 sacro,

723 2926 859 3002 Quo
890 2924 1167 3011 Sibyllini
1195 2946 1481 2990 monuere
1512 2947 1724 2992 versus

718 3013 1009 3097 Virgines
1033 3013 1224 3077 lectas
1253 3032 1591 3096 puerosque
1622 3019 1820 3078 castos

715 3098 829 3164 Dis
879 3098 1097 3184 quibus
1125 3104 1358 3182 septem
1387 3097 1669 3182 placuere
1700 3099 1883 3166 colles

1057 3183 1279 3247 Dicere
1310 3203 1574 3248 carmen.

717 3268 901 3335 Alme
935 3268 1063 3350 Sol,
1092 3290 1276 3334 curru
1304 3269 1495 3333 nitido
1516 3269 1677 3334 diem
1705 3268 1813 3353 qui

720 3356 956 3420 Promis
986 3363 1051 3420 et
1078 3356 1242 3419 celas
1291 3355 1562 3439 aliusque
1592 3361 1657 3419 et
1682 3354 1845 3421 idem

717 3440 782 3507 N
783 3443 1030 3523 ascetis,
1165 3442 1246 3505 sis
1274 3441 1421 3503 nihil
1448 3441 1599 3505 urbe
1624 3441 1819 3508 Roma

1125 3528 1280 3590 isere
1309 3526 1524 3611 majus.

720 3612 864 3678 Rite
891 3619 1160 3676 maturos
1188 3612 1422 3696 aperire
1451 3617 1663 3696 partus

719 3697 927 3778 Lenis,
957 3697 1228 3781 Ilithyia,
1257 3704 1430 3760 tuere
1460 3704 1706 3776 matres,

725 3782 872 3848 Sive
900 3790 971 3847 tu
999 3783 1233 3847 Lucina
1300 3782 1476 3846 robas
1505 3781 1708 3847 vocari

1074 3866 1199 3931 Seu
1291 3867 1547 3933 enitalis.

725 3954 908 4035 Diva,
938 3953 1235 4039 producas
1263 3952 1534 4018 subolem
1597 3957 1961 4054 patrumque

721 4040 1052 4126 Prosperes
1081 4038 1329 4103 decreta.
1356 4060 1541 4124 super
1556 4037 1848 4139 jugandis

652 4157 665 4170 ·
728 4126 995 4191 Feminis
1046 4125 1347 4210 prolisque
1377 4146 1569 4190 novae
1598 4123 1788 4190 feraci

1048 4211 1237 4295 Lege
1270 4212 1510 4292 marita,

727 4296 948 4363 Certus
974 4297 1248 4360 undenos
1278 4297 1481 4361 decies
1509 4319 1619 4381 per
1647 4316 1835 4361 annos

633 4445 654 4463 ,
729 4383 909 4448 Orbis
936 4391 1007 4446 ut.
1036 4389 1249 4446 cantus
1278 4384 1627 4466 referatque
1658 4381 1832 4446 ludos

724 4469 847 4534 Ter
876 4469 974 4532 die
1004 4469 1167 4531 claro
1221 4468 1519 4551 totiesque
1549 4475 1728 4550 grata.

1072 4552 1272 4616 Nocte
1307 4553 1677 4635 frequentes.

729 4638 982 4724 Vosque
1011 4658 1261 4703 veraces
1292 4637 1605 4718 cecinisse,
1634 4631 1893 4717 Parcse',

724 4724 902 4800 Quod
930 4725 1118 4790 semel
1147 4723 1376 4786 dictum
1406 4731 1501 4787 est
1543 4723 1921 4808 stabilisque
1921 4740 2127 4788 rerum
2201 4747 2210 4755 ·

724 4811 1042 4877 Terminus
1069 4815 1296 4888 servat,
1326 4810 1533 4873 bona
1503 4830 1635 4895 Jam
1661 4795 1927 4894 peractis
2219 4817 2223 4822 '

1072 4895 1119 4960 J
1120 4894 1330 4978 ungite
1356 4894 1505 4959 fata.

2312 3379 2374 3428 10

2314 3803 2378 3854 15
