2900 6042
1065 1477 1701 1525 mn.1.nms1·.1x.
2307 1460 2433 1524 193

339 1627 687 1712 Praestent,
718 1637 953 1696 mature
983 1631 1198 1696 redeat
1224 1639 1583 1718 repetatque
1614 1632 1849 1697 relicta.

335 1714 551 1783 Metiri
579 1739 644 1782 se
677 1734 976 1802 quemque
1006 1739 1114 1782 suo
1143 1717 1381 1782 modulo
1412 1739 1485 1783 ac
1516 1718 1671 1804 pede
1704 1738 1913 1783 verum
1941 1722 2057 1783 est.

929 2146 1484 2214 EPISTOLA
1574 2149 1844 2215 VIII.

341 2316 549 2384 CsLso
580 2321 846 2404 gaudere
878 2327 941 2385 et
968 2321 1122 2384 bene
1157 2342 1284 2386 rem
1314 2342 1529 2403 gerere
1561 2320 1939 2392 Albinovano

338 2404 523 2469 Musa
549 2414 762 2490 rogata
790 2407 975 2485 refer,
1005 2406 1206 2470 comiti
1236 2407 1588 2490 scribaeque
1624 2406 1908 2471 Neronis·

257 2523 261 2526 ·
342 2490 410 2556 Si
440 2502 693 2577 quaeret
722 2492 868 2577 quid
897 2513 1097 2576 agam,
1127 2492 1225 2555 dic
1279 2493 1469 2556 multa
1498 2499 1562 2555 et
1589 2492 1842 2575 pulchra
1869 2492 2197 2559 minantem

339 2577 571 2642 Vivere
600 2600 714 2643 nec
746 2586 912 2641 recte
944 2598 1056 2641 nec
1089 2575 1393 2641 suaviter·
1440 2576 1606 2640 haud
1635 2576 1779 2661 quia
1807 2577 2039 2661 grando

339 2663 702 2729 Contuderit
733 2664 885 2728 vites
912 2664 1225 2748 oleamque
1254 2662 1640 2726 momorderit
1679 2670 1905 2744 aestus,
2394 2684 2430 2733 ες

337 2746 477 2815 Nec
509 2751 652 2834 quia
677 2749 1016 2834 longinquis
1042 2756 1378 2812 armentum
1407 2749 1729 2832 aegrotet
1711 2771 1774 2813 ιιι
1803 2749 2012 2833 agris·
1993 2795 2012 2828 ,

341 2834 471 2900 Sed
500 2836 644 2919 quia
670 2843 872 2898 mente
900 2836 1095 2898 minus
1126 2835 1358 2899 validus
1387 2855 1569 2919 quam
1598 2855 1846 2920 corpore
1878 2842 2006 2900 toto

337 2921 448 2986 Nil
479 2921 690 2985 audire
720 2921 920 3000 velim,
948 2921 1031 2983 nil
1061 2920 1308 2996 discere,
1327 2920 1487 3005 quod
1516 2921 1680 2985 levet
1707 2941 2002 3006 aegrum·
1983 2969 2002 3002 ,

335 3006 508 3073 Fidis
534 3007 804 3072 offendar
829 3005 1098 3086 medicis,
1126 3006 1356 3071 irascar
1381 3007 1610 3087 amiciS,

341 3093 468 3158 Cur
497 3115 594 3158 me
624 3095 864 3158 funesto
895 3099 1218 3177 properent
1246 3113 1456 3157 arcere
1495 3097 1786 3171 vetern03
2366 3116 2429 3165 ιο

308 3258 313 3262 ἡ
339 3178 512 3254 Quae
539 3200 803 3244 nocuere
835 3199 1077 3263 sequar,
1109 3180 1336 3263 fugiam
1366 3200 1523 3263 quae
1555 3181 1792 3264 profore
1822 3180 2113 3260 credam3

336 3263 567 3331 Romae
599 3265 786 3330 Tibur
815 3284 1009 3329 amem
1041 3273 1343 3345 ventosne,
1374 3265 1597 3330 Tibure
1629 3267 1907 3331 Romam.

340 3350 492 3417 Post
511 3353 662 3417 haec
716 3358 784 3415 ut
814 3352 1035 3431 valeat,
1065 3373 1184 3436 quo
1216 3359 1391 3436 pacto
1423 3372 1552 3416 rem
1582 3359 1760 3436 gerat
1788 3359 1853 3416 et
1879 3373 1971 3434 ee,

501 3439 702 3503 laceat
733 3437 946 3522 juveni
979 3445 1352 3536 percontare
1404 3445 1595 3523 utque
1626 3438 1880 3503 cohorti.

337 3435 624 3603 Sqttgcet,
654 3524 872 3603 Recte,
903 3522 1164 3606 primum
1195 3523 1491 3606 gaudere,
1520 3525 1777 3589 subinde
2367 3538 2430 3589 1³

337 3608 570 3675 Praece
614 3617 743 3673 tum
772 3609 1057 3674 auriculis
1084 3609 1197 3674 hoc
1226 3610 1517 3673 instillare
1547 3617 1884 3674 memento·

336 3693 428 3760 Ut
453 3702 524 3762 tu
577 3702 854 3761 ortunam
905 3695 991 3760 sic
1022 3715 1129 3759 nos
1160 3702 1244 3774 te,
1277 3693 1478 3775 Celse,
1507 3695 1791 3758 feremus.

970 4124 1552 4191 EPISTOLA
1629 4126 1799 4191 IX.

338 4300 715 4380 Summms,
750 4296 989 4379 Claudi,
1018 4299 1296 4362 nimirum
1337 4299 1621 4384 intelligit
1648 4320 1805 4363 unus

336 4387 562 4461 Quanti
591 4406 686 4450 me
716 4386 945 4449 facias:
995 4407 1135 4448 nam
1165 4405 1304 4450 cum
1332 4393 1508 4468 rogat
1537 4394 1602 4450 et
1630 4406 1810 4471 prece
1843 4384 2006 4470 cogit

338 4472 587 4538 Scilicet
614 4479 684 4535 ut
714 4471 821 4535 tibi
851 4491 918 4534 se
947 4471 1196 4535 laudare
1225 4479 1289 4534 et
1317 4472 1561 4537 tradere
1593 4493 1797 4551 coner,

335 4560 602 4643 Dignum
629 4565 832 4622 mente
863 4556 1155 4641 domoque
1184 4559 1445 4641 legentis
1476 4559 1730 4622 honesta
1757 4557 2021 4623 Neronis

334 4645 595 4709 Munere
625 4665 762 4709 cum
790 4644 962 4727 fungi
992 4643 1281 4727 propioris
1311 4652 1522 4708 censet
1548 4645 1747 4720 amici,

335 4731 501 4805 Quid
529 4731 749 4816 possim
778 4729 944 4794 videt
973 4750 1044 4794 ac
1075 4729 1242 4792 novit
1269 4751 1368 4793 me
1398 4731 1670 4795 valdius‘
1655 4753 1805 4816 ipso.

334 4817 537 4882 Multa
563 4816 809 4918 quidem
838 4814 985 4896 dixi,
1015 4836 1126 4880 cur
1155 4823 1481 4884 excusatus
1506 4818 1774 4894 abirem3

336 4902 464 4968 Sed
493 4902 664 4967 timui
715 4922 854 4966 mea
878 4922 957 4966 ne
986 4901 1228 4966 finxisse
1257 4902 1489 4966 minora
1516 4911 1787 4989 putarer,

335 4988 758 5055 Dissimulator
786 4987 1244 5138 ορίετριοριὶαο,
1275 4989 1420 5053 mihi
1448 4990 1791 5054 commodus
1820 4990 1944 5055 uni.
