2900 6042
1141 1433 1268 1481 ma
1315 1433 1390 1482 11.
1437 1432 1578 1483 sar.
1625 1434 1700 1482 11.
2338 1417 2468 1487 15⁷

373 1583 631 1653 Tardius
660 1587 987 1653 adveniens
1017 1587 1294 1652 vitiatum
1323 1589 1691 1653 commodius
1720 1609 1905 1672 quam

371 1672 689 1757 Integrum
721 1675 878 1738 edax
906 1674 1179 1738 dominus
1209 1683 1608 1739 consumeret.
1699 1675 1834 1740 Hos
1862 1674 2097 1739 utinam
2126 1675 2287 1743 inter

371 1758 614 1824 Heroas
641 1767 852 1824 natum
880 1762 1186 1824 tellusme
1217 1761 1411 1845 prima
1441 1760 1715 1826 tulisset!

367 1842 502 1909 Das
531 1846 758 1930 aliquid
787 1848 984 1910 famae
1016 1868 1172 1931 quae
1205 1847 1471 1910 carmine
1503 1848 1733 1931 gratior
1761 1867 1970 1911 aurem

372 1929 653 2016 Occupet
679 1933 1039 1996 humanam:
1089 1933 1353 2017 grandes
1383 1933 1614 1997 rhombi
1647 1933 2010 2017 patinaeque
2393 1954 2460 2006 95

371 2014 618 2081 Grande
649 2019 854 2082 ferunt
881 2039 1004 2083 una
1033 2040 1172 2082 cum
1201 2019 1419 2082 damno
1449 2019 1755 2097 dedecus;
1799 2018 1956 2082 adde

367 2101 937 2188 Iratum-patruum,
969 2105 1218 2183 vicinos»,
1248 2112 1310 2168 te
1343 2105 1453 2168 tibi
1481 2105 1788 2189 iniquum,'

367 2187 454 2252 Et
479 2189 708 2253 frustra
734 2192 943 2254 mortis
974 2190 1280 2275 cupidum,
1312 2211 1451 2254 cum
1482 2191 1679 2255 deerit
1708 2190 1911 2273 egenti

363 2274 460 2338 As
487 2276 689 2359 laquei
717 2277 995 2360 pretium.
1085 2281 1127 2313 “
1148 2275 1193 2339 J
1195 2276 1371 2356 ure,''
1404 2275 1622 2360 inquit,
1654 2280 1695 2314 “
1719 2277 2006 2340 Transius
2038 2276 2169 2342 istis

362 2359 407 2422 J
411 2372 667 2443 urgatur
694 2363 894 2425 verbis
918 2382 934 2438 ;
983 2382 1097 2444 ego
1129 2361 1448 2444 vectigalia
1477 2382 1699 2444 magna
1865 2398 1870 2403 -
2358 2385 2452 2436 100

330 2444 745 2531 ,Divitiasque
777 2448 969 2510 habeo
1000 2447 1191 2511 tribus
1223 2448 1456 2528 amplas
1485 2447 1794 2530 regibus.”
1887 2447 2055 2531 Ergo

365 2528 541 2605 Quod
569 2541 819 2617 superat
846 2554 967 2595 non
996 2540 1089 2595 est
1119 2532 1330 2595 melius
1360 2554 1479 2615 quo
1507 2533 1806 2596 insumere
1829 2531 2066 2617 poesis?

366 2616 494 2680 Cur
523 2626 668 2701 eget
693 2618 977 2701 indignus
1007 2618 1323 2701 quisquam
1354 2625 1416 2681 te
1448 2617 1680 2680 divite?
1770 2617 1974 2692 Quare

363 2702 617 2787 Templa
645 2713 830 2767 ruunt
858 2703 1110 2788 antiqua
1139 2703 1367 2766 deum?
1459 2703 1607 2783 Cur,
1637 2703 1931 2786 improbe,
1963 2725 2142 2769 carae

362 2786 509 2852 Non
536 2789 766 2874 aliquid
797 2790 1028 2874 patriae
1059 2797 1227 2853 tanto
1257 2788 1521 2854 emetiris
1551 2789 1811 2854 acervo?
2274 2829 2282 2837 ·
2355 2808 2450 2861 1oe

363 2872 493 2939 Uni
521 2875 802 2939 nimirum
831 2883 998 2940 recte
1031 2876 1406 2959 tibisemper
1436 2883 1617 2938 erunt
1647 2897 1764 2939 res.

364 2958 421 3024 Ο
452 2981 709 3044 magnus
737 2963 987 3046 posthac
1017 2961 1269 3026 inimicis
1298 2960 1494 3027 risus!
1586 2961 1821 3026 Uterne

358 3045 468 3111 Ad
498 3067 675 3112 casus
705 3048 918 3112 dubios
945 3048 1095 3112 fidet
1122 3048 1236 3111 sibi
1265 3046 1541 3117 certius?
1630 3047 1754 3112 Hic
1784 3048 1890 3133 qui

362 3130 648 3198 Pluribus
677 3133 946 3199 adsuerit
972 3141 1237 3198 mentem
1267 3155 1605 3218 corpusque
1635 3134 1985 3218 superbum,

359 3219 468 3283 An
495 3220 601 3305 qui
629 3229 946 3284 contentus
977 3240 1162 3304 parvo
1191 3229 1586 3304 metuensque
1616 3221 1805 3284 futuri
2350 3245 2445 3296 uo

362 3301 440 3368 In
470 3326 622 3390 paee
652 3314 724 3369 ut
751 3307 989 3391 sapiens
1020 3306 1244 3390 aptarit
1270 3306 1489 3369 idonea
1517 3304 1721 3369 bello?

362 3389 496 3466 Quo
523 3393 714 3476 magis
743 3393 835 3456 his
864 3392 1102 3472 credas,
1133 3413 1285 3476 puer
1311 3393 1473 3455 hunc
1504 3413 1619 3474 ego
1649 3412 1871 3476 parvus
1903 3391 2166 3457 Ofellam

359 3476 629 3562 Integris
657 3479 866 3562 opibus
895 3478 1035 3540 novi
1065 3500 1183 3541 non
1212 3478 1390 3541 latius
1420 3499 1596 3540 usum

365 3561 564 3638 Quam
591 3586 751 3628 nunc
780 3565 1012 3629 accisis.
1102 3564 1335 3627 Videas
1366 3571 1593 3626 metato
1614 3563 1677 3625 in
1707 3563 1902 3645 agello

361 3646 517 3714 Cum
547 3670 761 3734 pecore
785 3658 850 3714 et
878 3649 1076 3732 gnatis
1103 3650 1320 3713 fortem
1350 3648 1630 3711 mercede
1662 3648 1959 3728 colonum,
2318 3671 2440 3722 ,ηε

358 3739 401 3773 “
426 3734 568 3798 Non
598 3736 779 3818 ego,'’
814 3741 1183 3812 narrantem,
1211 3739 1252 3770 “
1275 3742 1503 3798 temere
1536 3733 1633 3796 edi
1663 3735 1800 3797 luce
1833 3735 2100 3818 profesta

359 3819 705 3905 Quidquam
736 3829 978 3904 praeter
1006 3821 1136 3883 olus
1164 3820 1432 3882 fumosae
1464 3839 1603 3883 cum
1632 3819 1786 3903 pede
1818 3841 2065 3903 pernae.

356 3907 458 3971 Ac
487 3907 633 3971 mihi
661 3927 772 3970 seu
797 3908 1041 3989 longum
1074 3914 1207 3989 post
1235 3913 1474 3989 tempus
1504 3911 1753 3968 venerat
1780 3905 2024 3990 hospes,

359 3991 503 4056 Sive
534 4013 784 4077 operum
815 4013 1004 4057 vacuo
1033 4004 1244 4075 gratus
1275 3992 1526 4055 conviva
1554 4012 1665 4075 per
1693 3990 1943 4056 imbrem

356 4078 637 4158 VicinuS‚
668 4079 819 4142 bene
852 4086 986 4142 erat
1014 4099 1133 4141 non
1165 4077 1426 4162 piscibus
1459 4078 1606 4140 urbe
1637 4076 1864 4161 petitis,
2347 4098 2441 4149 ιω

359 4163 485 4228 Sed
509 4165 680 4249 pullo
709 4173 892 4249 atque
924 4165 1150 4242 haed03
1199 4175 1326 4227 tum
1357 4164 1601 4248 pensilis
1631 4183 1751 4226 uva
1778 4163 2078 4228 secundas

355 4250 440 4314 Et
468 4273 592 4314 nux
621 4252 875 4315 ornabat
901 4272 1139 4316 mensas
1170 4271 1309 4313 cum
1338 4250 1578 4333 duplice
1609 4250 1747 4312 ficu.

353 4335 504 4400 Post
530 4338 643 4400 hoc
672 4337 852 4401 ludus
883 4345 1014 4400 erat
1043 4336 1222 4421 culpa
1253 4343 1460 4420 potare
1491 4336 1803 4418 magistra,

352 4422 453 4486 Ac
483 4432 774 4486 venerata
803 4421 991 4487 Ceres
1020 4423 1108 4485 ita
1137 4423 1334 4485 culmo
1363 4431 1647 4504 surgeret
1675 4423 1824 4501 alto,

353 4506 663 4592 Explicuit
692 4509 829 4572 vino
859 4515 1205 4572 contractae
1236 4508 1396 4570 seria
1421 4507 1652 4570 frontis.
2348 4526 2443 4577 125

356 4591 603 4658 Saeviat
631 4603 815 4678 atque
844 4615 1028 4657 novos
1057 4600 1296 4658 moveat
1323 4593 1596 4656 Fortuna
1624 4592 1935 4670 tumultus,

353 4679 660 4756 Quantum
688 4681 828 4744 hinc
859 4677 1219 4743 imminuet?
1311 4676 1552 4753 Quanto
1582 4688 1690 4741 aut
1717 4699 1830 4761 ego
1860 4678 2100 4762 parcius
2129 4695 2238 4742 aut
2263 4696 2393 4759 voe,

351 4765 410 4831 Ο
441 4767 637 4851 pueri,
666 4766 928 4838 nituistis
956 4776 1028 4828 ut
1055 4765 1174 4832 huc
1204 4786 1395 4828 novus
1422 4765 1621 4827 incola
1651 4762 1862 4826 venit?

350 4852 418 4919 N
418 4874 517 4918 am
543 4853 823 4938 propriae
853 4851 1085 4917 telluris
1112 4852 1328 4915 herum
1356 4859 1579 4914 natura
1606 4869 1805 4935 neque
1837 4850 2008 4914 illum

351 4937 491 5006 Nec
518 4960 617 5004 me
645 4959 762 5004 nec
790 4958 1155 5087 quemqufin
1183 4936 1435 5002 statuit:
1483 4956 1592 5000 noe
1620 4935 1852 5022 expulit
1878 4937 1979 5000 ille
1994 4955 2015 5014 ;
2348 4956 2443 5007 ιω
