2900 6042
472 1412 603 1480 284
1282 1427 1405 1476 aas
1445 1411 1743 1477 mii-nos.

472 1581 559 1648 Et
586 1581 879 1668 spondere
907 1581 1028 1646 levi
1055 1602 1164 1667 pro
1191 1602 1458 1666 paupere
1488 1586 1553 1645 et
1576 1580 1810 1665 eripere
1838 1580 1986 1646 atris

472 1668 710 1734 Litibus
739 1668 1111 1752 implicitum,
1141 1666 1401 1731 mirabor
1428 1667 1481 1730 si
1509 1666 1661 1730 sciet
1688 1667 1866 1729 intes
1909 1727 1920 1738 ‚

472 1753 742 1820 Nosoere
772 1753 1119 1817 mendacem
1148 1772 1478 1836 verumque
1505 1753 1718 1816 beatus
1752 1752 2026 1816 amicum.

274 1844 367 1934 4(-
390 1891 455 1901 ...
472 1838 569 1903 Tu
596 1860 707 1903 seu
734 1838 974 1902 donaris
1001 1858 1110 1900 seu
1139 1837 1286 1921 quid
1316 1837 1542 1901 donare
1571 1838 1735 1901 voles
1764 1836 1885 1916 cui,

473 1924 680 1989 Nolito
708 1923 788 1988 ad
817 1943 1026 1986 versus
1056 1923 1164 1985 tibi
1194 1922 1387 1986 factos
1416 1923 1644 1987 ducere
1675 1923 1916 2006 plenum

473 2008 817 2085 Laetitiae;
855 2008 1134 2072 clamabit
1161 2008 1321 2071 enim
1348 2005 1642 2072 Pulchre!
1686 2005 1880 2073 bene!
1924 2004 2131 2074 reete!

474 2093 778 2159 Pallescet
803 2113 984 2177 super
1012 2093 1126 2172 his,
1158 2093 1341 2156 etiam
1367 2092 1616 2156 stillabit
1642 2092 1848 2156 amicis

474 2178 572 2244 Ex
599 2179 786 2243 oculis
814 2199 1039 2257 rorem,
1059 2178 1255 2257 saliet,
1287 2177 1506 2241 tundet
1533 2177 1688 2261 pede
1718 2184 1965 2241 terram.

476 2264 569 2329 Ut
594 2265 698 2348 qui
728 2263 1009 2328 conducti
1038 2263 1275 2346 plorant
1301 2263 1365 2326 in
1393 2264 1608 2326 funere
1638 2262 1849 2326 dieunt

475 2349 560 2413 Et
587 2349 818 2412 faciunt
844 2367 1029 2431 prope
1057 2348 1233 2431 plura
1259 2347 1596 2412 dolentibus
1624 2369 1704 2412 ex
1729 2349 1950 2428 animo,
1979 2344 2068 2411 sio

260 2438 349 2505 vi*
370 2468 449 2481 --
472 2434 723 2499 Derisor
750 2454 894 2497 vero
924 2433 1059 2516 plus
1085 2432 1395 2496 laudatore
1424 2438 1718 2499 movetur.

473 2519 679 2602 Reges
708 2518 993 2583 dicuntur
1020 2519 1222 2582 multis
1249 2538 1470 2601 urgere
1501 2519 1736 2583 culullis

473 2602 561 2669 Et
589 2611 869 2690 torquere
899 2624 1063 2668 mero
1092 2625 1271 2688 quem
1299 2605 1673 2688 perspexisse
1701 2603 2000 2684 laborant,

473 2689 580 2754 An
607 2690 686 2755 sit
714 2690 977 2755 amicitia
1004 2689 1261 2772 dignus:
1308 2689 1361 2753 si
1390 2690 1656 2753 carmina
1684 2689 1907 2754 condes

473 2772 804 2859 Nunquam
834 2782 894 2839 te
924 2775 1135 2838 fallant
1163 2775 1345 2838 animi
1371 2775 1484 2840 sub
1515 2776 1694 2858 vulpe
1722 2776 2002 2839 latentes.

474 2857 764 2932 Quintilio
793 2861 843 2923 si
875 2860 1021 2943 quid
1050 2860 1360 2940 recitares,
1391 2865 1433 2898 “
1454 2860 1705 2944 Corrige
1735 2861 1911 2924 sodes

473 2944 680 3025 Hoc,’'
713 2946 933 3024 aiebat,
965 2949 1008 2983 “
1031 2953 1094 3008 et
1121 2944 1231 3008 hoc
1255 2969 1273 3008 τ
1297 2947 1337 2975 ”
1373 2947 1584 3010 melius
1615 2955 1676 3010 te
1706 2967 1880 3030 posse
1907 2962 2169 3031 negares

472 3028 583 3095 Bis
612 3038 825 3114 terque
858 3038 1169 3113 expertum
1199 3032 1447 3109 frustra,
1478 3032 1683 3096 delere
1702 3031 1961 3114 jubebat

474 3115 559 3181 Et
586 3118 741 3179 male
775 3123 1038 3179 tornatos
1067 3116 1270 3178 incudi
1299 3116 1556 3180 reddere
1588 3138 1818 3181 versus.

477 3198 545 3265 Si
574 3201 900 3265 defendere
931 3201 1218 3264 delictum
1248 3221 1429 3284 quam
1458 3209 1696 3266 vertere
1729 3202 1964 3281 malles,

472 3284 725 3350 Nullum
753 3288 915 3350 ultra
942 3286 1190 3349 verbum
1221 3294 1328 3348 aut
1356 3307 1601 3371 operam
1628 3288 1970 3352 insumebat
1996 3287 2237 3352 inanem

475 3369 635 3445 Quin
663 3373 791 3436 sine
820 3373 993 3436 rivali
1025 3381 1205 3456 teque
1236 3378 1301 3435 et
1329 3378 1436 3435 tua
1463 3373 1622 3437 solus
1652 3393 1906 3437 amares.

472 3455 593 3521 Vir
619 3457 806 3521 bonus
836 3465 899 3522 et
928 3458 1193 3542 prudens
1222 3478 1430 3522 versus
1461 3457 1867 3542 reprehendet
1891 3457 2143 3538 inertes,

358 3542 367 3553 '
474 3541 759 3628 culpabit
786 3543 990 3622 duros,
1020 3543 1335 3627 incomptis
1364 3543 1593 3607 adlinet
1621 3552 1816 3608 atrum

472 3627 767 3693 Traverso
796 3631 1023 3693 calamo
1053 3630 1313 3711 signum,
1345 3630 1658 3694 ambitiosa
1685 3629 1921 3694 recidet

474 3712 867 3791 Ornamenta,
898 3736 1108 3800 parum
1141 3715 1319 3778 claris
1344 3716 1542 3779 lucem
1574 3715 1719 3780 dare
1751 3723 1952 3798 coget,

469 3799 716 3883 Arguet
744 3801 1019 3884 ambigue
1051 3800 1300 3879 dictum,
1333 3801 1626 3864 mutanda
1654 3802 1907 3881 notabit,

430 3884 610 3952 “Fiet
636 3885 1065 3963 Aristarchus3
1110 3907 1227 3949 non
1259 3885 1455 3951 dicet:
1492 3891 1533 3924 “
1558 3884 1686 3950 Cur
1714 3908 1829 3971 ego
1857 3884 2116 3950 amicum

471 3968 787 4035 Offendam
817 3971 877 4033 in
907 3970 1178 4054 nugis?’'
1269 3970 1410 4036 Hae
1439 3989 1640 4055 nugae
1669 3974 1827 4037 seria
1856 3972 2080 4036 ducent

468 4054 547 4119 In
575 4057 733 4120 mala
762 4056 1023 4120 derisum
1053 4058 1238 4121 semel
1267 4063 1708 4142 exceptumque
1739 4058 1997 4122 sinistre.

468 4139 561 4206 Ut
587 4144 746 4206 mala
773 4163 952 4226 quem
982 4142 1213 4206 scabies
1244 4149 1352 4206 aut
1379 4143 1622 4206 morbus
1650 4143 1854 4226 regius
1882 4146 2066 4225 urget

466 4227 605 4291 Aut
631 4228 928 4291 fanaticus
958 4249 1126 4292 error
1153 4234 1218 4291 et
1244 4227 1535 4291 iracunda
1563 4226 1782 4306 Diana,

394 4311 780 4383 -Jesanum
811 4314 1079 4397 tetigisse
1112 4313 1323 4377 timent
1348 4312 1715 4398 fugiuntque
1745 4317 1986 4400 poetam

469 4396 588 4471 Qui
615 4400 890 4483 sapiunt;
935 4399 1169 4483 agitant
1198 4398 1368 4484 pueri
1402 4399 1750 4483 incautique
1780 4402 2136 4483 sequuntur.

465 4481 613 4562 Hic,
645 4485 797 4548 dum.
816 4485 1082 4548 sublimis
1112 4505 1321 4548 versus
1349 4491 1627 4548 ructatur
1657 4494 1721 4549 et
1747 4490 1936 4564 errat,

468 4568 536 4633 Si
568 4570 753 4634 veluti
784 4570 1026 4634 merulis
1054 4570 1319 4633 intentus
1346 4569 1575 4634 decidit
1608 4591 1830 4655 auceps

463 4653 543 4720 In
572 4663 818 4738 puteum
847 4655 1176 4734 foveamve,
1206 4656 1370 4735 licet,
1400 4660 1440 4693 “
1468 4654 1884 4736 Succurrite,'’
1915 4655 2161 4739 longum

465 4739 727 4821 Clamet,
756 4745 797 4779 “
820 4741 891 4805 Io
920 4742 1081 4806 cives
1105 4740 1178 4806 !”
1225 4762 1343 4805 non
1373 4741 1453 4805 sit
1480 4743 1585 4826 qui
1614 4743 1822 4807 tollere
1852 4749 2043 4806 curet.

469 4825 538 4891 Si
567 4833 742 4890 curet
770 4827 903 4910 quis
932 4849 1104 4912 opem
1134 4828 1294 4891 ferre
1325 4833 1390 4891 et
1417 4827 1735 4892 demittere
1766 4827 1995 4906 funem,

463 4915 510 4953 ‘⁸
531 4910 653 4985 Qui
681 4912 798 4978 scis
827 4934 906 4977 an
935 4913 1199 4997 prudens
1228 4913 1347 4978 huc
1376 4934 1443 4978 se
1474 4913 1795 5000 projecerit
1822 4921 2006 4998 atque

2457 2197 2553 2247 «³0

2455 4327 2550 4378 ⁴55
