2900 6042
1005 1601 1135 1647 1213.
1185 1600 1261 1647 11.
1311 1601 1508 1646 CARM.
1556 1599 1681 1646 XII.

734 1753 980 1819 Divisus
1009 1754 1241 1839 objecto
1293 1754 1564 1818 remittas

826 1838 1157 1919 Quaerere,
1219 1861 1333 1904 nec
1368 1840 1630 1924 trepides
1660 1840 1724 1904 in
1750 1861 1927 1905 usum

653 1925 966 1990 Poscentis
997 1927 1129 1989 aevi
1159 1947 1372 2011 pauca.
1462 1926 1651 2008 Fugit
1677 1932 1841 1990 retro

653 2010 833 2075 Levis
853 2011 1138 2095 juventas
1192 2019 1256 2075 et
1280 2011 1484 2091 decor,
1515 2012 1687 2076 arida

740 2097 1015 2160 Pellente
1044 2098 1297 2161 lascivos
1327 2118 1559 2161 amores

829 2181 1064 2247 Canitie
1094 2184 1449 2267 facilemque
1481 2204 1772 2248 somnum.

654 2268 799 2332 Non
831 2289 1069 2353 semper
1096 2269 1256 2332 idem
1282 2270 1525 2333 floribus
1554 2276 1650 2332 est
1674 2270 1865 2333 honor

650 2353 874 2419 Vernis
925 2376 1122 2438 neque
1152 2377 1272 2418 uno
1302 2354 1478 2418 Luna
1506 2355 1728 2418 rubens
1757 2355 1914 2419 nitet

711 2439 964 2506 ‘Voltm
988 2441 1134 2524 quid
1163 2441 1424 2504 aeternis
1455 2441 1746 2504 minorem

824 2524 1099 2590 Consiliis
1131 2527 1393 2589 animum
1421 2525 1692 2609 fatigas?

656 2609 784 2675 Gur
809 2632 931 2674 non
959 2612 1069 2675 sub
1100 2613 1223 2675 alta
1253 2612 1350 2675 vel
1377 2614 1618 2695 platano
1648 2611 1747 2675 vel
1772 2611 1889 2677 hae

653 2696 814 2761 Pinu
832 2697 1110 2781 jacentes
1139 2698 1225 2760 sio
1255 2703 1483 2760 temere
1537 2704 1601 2761 et
1628 2717 1765 2761 rosa

743 2780 940 2846 Ganos
972 2781 1199 2845 odorati
1231 2783 1498 2866 capillos,

825 2867 989 2931 Dum
1019 2868 1181 2945 licet,
1212 2867 1589 2951 Assyriaque
1618 2868 1808 2934 nardo

656 2952 943 3017 Potamus
971 2953 1188 3016 uncti?
1275 2953 1544 3037 Dissipat
1572 2953 1763 3018 Euius

656 3037 852 3105 Curas
880 3038 1119 3102 edaces.
1211 3037 1358 3112 Quis
1388 3061 1541 3123 puer
1568 3040 1735 3103 ocius

740 3124 1104 3207 Restinguet
1132 3125 1397 3189 ardentis
1426 3125 1670 3189 Falerni

823 3209 1053 3274 Pocula
1081 3218 1505 3295 praetereunte
1534 3208 1831 3296 lympha?

658 3294 809 3370 Quis
838 3296 1079 3359 devium
1107 3305 1370 3361 scortum
1399 3297 1600 3360 eliciet
1627 3298 1801 3361 domo

656 3381 924 3467 Lyden?
1013 3382 1265 3447 Eburna
1317 3382 1415 3447 die
1446 3403 1561 3466 age
1615 3404 1753 3448 cum
1780 3384 1918 3469 lyra

738 3466 1014 3531 Maturet
1059 3469 1121 3531 in
1152 3476 1455 3554 comptum
1485 3469 1806 3533 Lacaenae

828 3551 1004 3618 More
1035 3574 1236 3620 comas
1292 3555 1550 3639 religata
1575 3553 1820 3620 nodum.

983 3981 1448 4047 GARMEN
1507 3981 1720 4047 XII.

662 4327 870 4393 Nous
897 4327 1079 4410 longa
1105 4327 1272 4391 ferae
1301 4326 1462 4390 bella
1488 4326 1879 4409 Numantiae,

663 4414 729 4477 N
731 4435 801 4478 ee
831 4413 1027 4476 dirum
1056 4413 1481 4492 Hannibalem,
1510 4434 1623 4478 nec
1656 4412 1927 4478 Siculum
1953 4433 2121 4478 mare

661 4499 866 4564 Poeno
894 4520 1261 4583 purpureum
1290 4500 1582 4582 sanguine
1633 4500 1907 4565 mollibus

919 4584 1142 4668 Aptari
1166 4586 1432 4648 citharae
1461 4585 1692 4662 modis3

664 4669 801 4734 Nec
833 4689 1042 4732 saevos
1071 4668 1361 4752 Lapithas
1413 4677 1477 4732 et
1503 4671 1749 4732 nimium
1776 4691 1943 4734 mero

663 4755 974 4840 Hylaeum
1027 4753 1401 4837 domitosque
1434 4755 1750 4819 Herculea
1783 4777 1969 4819 manu

665 4840 924 4906 Telluris
943 4840 1223 4924 juveneS,
1251 4842 1413 4902 unde
1443 4841 1774 4923 periculum

924 4925 1191 5008 Fulgens
1221 4925 1580 4988 contremuit
1609 4924 1817 4988 domus

671 5009 918 5076 Saturni
952 5011 1210 5086 veteris;
1258 5019 1442 5094 tuque
1476 5011 1851 5094 pedestribus

667 5095 853 5162 Dices
880 5096 1143 5211 historiis
1170 5098 1394 5181 proelia
1423 5095 1722 5177 CaesariS,

2305 1581 2386 1648 41

2328 2373 2390 2423 10

2329 2799 2393 2851 15

2342 5114 2404 5165 10
