2900 6042
377 1337 462 1401 36
1107 1390 1115 1398 .
1243 1356 1594 1404 camanum

1109 1679 1587 1746 CARMEN
1646 1680 1729 1745 V.

723 1852 1018 1916 Noumm
1047 1852 1299 1916 subacta
1327 1851 1541 1915 ferre
1512 1874 1729 1937 jugum
1754 1853 1921 1919 valet

722 1937 998 2017 Cervice,
1027 1938 1291 2011 nondum
1320 1939 1527 2000 munia
1551 1939 1845 2021 comparis

809 2023 1101 2106 Aequare
1155 2043 1268 2086 neo
1300 2023 1460 2084 tauri
1489 2023 1722 2086 ruentis

894 2107 972 2170 In
1002 2128 1285 2171 venerem
1316 2109 1577 2171 tolerare
1608 2107 1864 2191 pondus·

722 2191 903 2257 Circa
930 2193 1192 2256 virentes
1223 2201 1316 2256 est
1348 2194 1581 2256 animus
1612 2200 1752 2256 tuae
2437 2216 2473 2265 5

727 2275 1031 2361 Campos
1003 2299 1327 2363 juvencae,
1357 2299 1517 2342 nunc
1546 2279 1742 2342 fluviis
1772 2299 2019 2363 gravem

812 2361 1072 2429 Solantis
1103 2374 1358 2444 aestum,
1381 2386 1541 2429 nunc
1571 2365 1635 2427 in
1663 2365 1784 2429 udo

897 2451 1138 2514 Ludere
1170 2472 1307 2515 cum
1337 2450 1539 2515 vitulis
1568 2451 1778 2515 salicto

725 2535 1221 2621 Praegestientis.
1312 2537 1479 2601 Tolle
1512 2537 1854 2621 cupidinem

721 2621 978 2687 Immitis
1007 2644 1160 2686 uvae
1187 2646 1202 2686 ε
1240 2624 1370 2707 jam
1401 2623 1508 2686 tibi
1536 2623 1749 2687 lividos
2411 2638 2473 2689 10

810 2708 1162 2790 Distinguet
1189 2708 1576 2771 Auctumnus
1606 2728 1876 2772 racemos

896 2792 1213 2875 Purpureo
1244 2794 1443 2855 varius
1475 2794 1694 2856 colore.

726 2875 774 2942 J
774 2897 872 2940 am
901 2883 964 2940 te
996 2884 1326 2959 sequetur.
1375 2878 1565 2940 currit
1594 2879 1752 2941 enim
1779 2878 1951 2944 ferox

725 2962 922 3027 Aetas
976 2969 1041 3025 et
1067 2962 1153 3024 illi
1205 2983 1354 3045 quos
1383 2963 1491 3025 tibi
1522 2963 1854 3049 dempserit

810 3047 875 3112 A
993 3054 1101 3109 net
1127 3067 1355 3124 annos;
1390 3049 1520 3131 jam
1549 3059 1833 3147 proterva
2410 3064 2474 3115 15

1019 3139 1122 3195 nte
1156 3140 1324 3215 petet
1339 3095 1574 3214 ’Lalage
1605 3134 1931 3196 maritum.

724 3215 971 3283 'Dilecta
1024 3224 1315 3301 quantum
1343 3239 1464 3281 non
1493 3217 1718 3281 Pholoe
1748 3218 1961 3300 fugax,

726 3301 871 3368 Non
903 3301 1139 3369 Chloris
1172 3304 1305 3367 albo
1335 3305 1420 3367 sic
1449 3302 1701 3366 humero
1730 3304 1954 3384 nitens,

808 3387 905 3453 Ut
930 3409 1084 3473 pura
1111 3397 1401 3452 nocturno
1433 3388 1670 3452 renidet

898 3474 1074 3539 Luna
1101 3475 1273 3555 mari,
1306 3474 1631 3539 Cnidiusve
1665 3471 1900 3560 Gyges,
2410 3491 2475 3541 20

724 3560 922 3636 'Quem
951 3560 1003 3626 si
1032 3563 1411 3647 puellarum
1395 3582 1697 3625 insereres
1727 3562 1911 3626 choro

725 3646 888 3713 Mire
916 3669 1170 3731 sagaces
1200 3648 1440 3712 falleret
1468 3648 1735 3731 hospites

809 3734 1153 3798 Discrimen
1182 3734 1502 3799 obscurum
1531 3734 1740 3798 solutis

898 3818 1178 3884 Crinibus
1206 3820 1601 3903 ambiguoque
1631 3820 1825 3884 vultu.

1068 4223 1541 4291 OARMEN
1597 4222 1760 4292 VI.

728 4573 1025 4656 Sarum,
1056 4569 1260 4639 Gades
1291 4571 1527 4635 aditure
1557 4592 1795 4635 mecum
1825 4575 1891 4633 et

730 4661 1100 4726 Cantabrum
1127 4658 1527 4723 indoctumu
1530 4679 1610 4741 ga
1636 4658 1798 4721 ferre
1827 4660 2036 4720 nostra
2086 4659 2154 4719 et

725 4747 1027 4814 Bai-baras
1059 4743 1274 4830 Syrtes
1326 4745 1431 4808 ubi
1453 4681 1685 4808 'iiim-a
1712 4761 1951 4826 semper

1064 4831 1330 4895 Aestuat
1357 4830 1546 4911 unda,
