<?xml version="1.0" encoding="UTF-8"?>
<!DOCTYPE html PUBLIC "-//W3C//DTD XHTML 1.0 Transitional//EN"
    "http://www.w3.org/TR/xhtml1/DTD/xhtml1-transitional.dtd">
<html xmlns="http://www.w3.org/1999/xhtml" xml:lang="en" lang="en">
 <head>
  <title>
</title>
<meta http-equiv="Content-Type" content="text/html;charset=utf-8" />
  <meta name='ocr-system' content='tesseract 3.04.00' />
  <meta name='ocr-capabilities' content='ocr_page ocr_carea ocr_par ocr_line ocrx_word'/>
</head>
<body>
  <div class='ocr_page' id='page_1' title='image "./workshoracewith00beckgoog/workshoracewith00beckgoog_0109.png"; bbox 0 0 2900 6042; ppageno 0'>
   <div class='ocr_carea' id='block_1_1' title="bbox 498 1270 713 1353">
    <p class='ocr_par' dir='ltr' id='par_1_1' title="bbox 498 1270 713 1353">
     <span class='ocr_line' id='line_1_1' title="bbox 498 1270 713 1353; baseline 0 0"><span class='ocrx_word' id='word_1_1' title='bbox 498 1270 713 1353; x_wconf 56' lang='lat' dir='ltr'><strong>camur·</strong></span> 
     </span>
    </p>
   </div>
   <div class='ocr_carea' id='block_1_2' title="bbox 156 1428 956 1721">
    <p class='ocr_par' dir='ltr' id='par_1_2' title="bbox 156 1428 956 1721">
     <span class='ocr_line' id='line_1_2' title="bbox 156 1428 903 1518; baseline -0.016 -10"><span class='ocrx_word' id='word_1_2' title='bbox 156 1442 290 1507; x_wconf 82' lang='lat' dir='ltr'><strong>Pomiier</strong></span> <span class='ocrx_word' id='word_1_3' title='bbox 303 1439 495 1504; x_wconf 83' lang='lat' dir='ltr'><strong>Auctumnus</strong></span> <span class='ocrx_word' id='word_1_4' title='bbox 505 1437 610 1518; x_wconf 82' lang='lat' dir='ltr'><strong>fruges</strong></span> <span class='ocrx_word' id='word_1_5' title='bbox 624 1428 774 1513; x_wconf 84' lang='lat' dir='ltr'><strong>effuderit,</strong></span> <span class='ocrx_word' id='word_1_6' title='bbox 789 1440 822 1498; x_wconf 85' lang='lat' dir='ltr'><strong>et</strong></span> <span class='ocrx_word' id='word_1_7' title='bbox 833 1454 903 1500; x_wconf 82' lang='lat' dir='ltr'><strong>mox</strong></span> 
     </span>
     <span class='ocr_line' id='line_1_3' title="bbox 325 1522 687 1588; baseline -0.014 0"><span class='ocrx_word' id='word_1_8' title='bbox 325 1525 440 1588; x_wconf 87' lang='lat' dir='ltr'><strong>Bruma</strong></span> <span class='ocrx_word' id='word_1_9' title='bbox 453 1523 583 1586; x_wconf 82' lang='lat' dir='ltr'><strong>recurrit</strong></span> <span class='ocrx_word' id='word_1_10' title='bbox 596 1522 687 1584; x_wconf 87' lang='lat' dir='ltr'><strong>iners.</strong></span> 
     </span>
     <span class='ocr_line' id='line_1_4' title="bbox 156 1605 956 1721; baseline -0.014 -44"><span class='ocrx_word' id='word_1_11' title='bbox 156 1611 277 1677; x_wconf 85' lang='lat' dir='ltr'><strong>Damna</strong></span> <span class='ocrx_word' id='word_1_12' title='bbox 291 1617 392 1674; x_wconf 88' lang='lat' dir='ltr'><strong>tamen</strong></span> <span class='ocrx_word' id='word_1_13' title='bbox 406 1609 521 1672; x_wconf 81' lang='lat' dir='ltr'><strong>celeres</strong></span> <span class='ocrx_word' id='word_1_14' title='bbox 535 1611 678 1689; x_wconf 80' lang='lat' dir='ltr'><strong>reparant</strong></span> <span class='ocrx_word' id='word_1_15' title='bbox 691 1605 833 1669; x_wconf 87' lang='lat' dir='ltr'><strong>caelestia</strong></span> <span class='ocrx_word' id='word_1_16' title='bbox 846 1607 956 1721; x_wconf 44' lang='grc' dir='ltr'><strong>Ιωιςς</strong></span> 
     </span>
    </p>
   </div>
   <div class='ocr_carea' id='block_1_3' title="bbox 156 1692 1116 2946">
    <p class='ocr_par' dir='ltr' id='par_1_3' title="bbox 156 1692 1116 2946">
     <span class='ocr_line' id='line_1_5' title="bbox 327 1692 662 1769; baseline -0.012 -10"><span class='ocrx_word' id='word_1_17' title='bbox 327 1694 393 1759; x_wconf 85' lang='lat' dir='ltr'><strong>Nos</strong></span> <span class='ocrx_word' id='word_1_18' title='bbox 419 1693 471 1756; x_wconf 93' lang='lat' dir='ltr'><strong>ubi</strong></span> <span class='ocrx_word' id='word_1_19' title='bbox 486 1692 662 1769; x_wconf 82' lang='lat' dir='ltr'><strong>decidimus,</strong></span> 
     </span>
     <span class='ocr_line' id='line_1_6' title="bbox 156 1774 1114 1866; baseline -0.005 -21"><span class='ocrx_word' id='word_1_20' title='bbox 156 1781 224 1857; x_wconf 84' lang='lat' dir='ltr'><strong>Quo</strong></span> <span class='ocrx_word' id='word_1_21' title='bbox 247 1779 316 1866; x_wconf 90' lang='lat' dir='ltr'><strong>pius</strong></span> <span class='ocrx_word' id='word_1_22' title='bbox 338 1779 462 1842; x_wconf 78' lang='lat' dir='ltr'>Aeneas</span> <span class='ocrx_word' id='word_1_23' title='bbox 487 1798 547 1862; x_wconf 92' lang='lat' dir='ltr'><strong>quo</strong></span> <span class='ocrx_word' id='word_1_24' title='bbox 562 1776 646 1839; x_wconf 87' lang='lat' dir='ltr'><strong>dives</strong></span> <span class='ocrx_word' id='word_1_25' title='bbox 659 1774 765 1839; x_wconf 80' lang='lat' dir='ltr'>Tullus</span> <span class='ocrx_word' id='word_1_26' title='bbox 780 1781 812 1839; x_wconf 88' lang='lat' dir='ltr'><strong>et</strong></span> <span class='ocrx_word' id='word_1_27' title='bbox 826 1774 934 1842; x_wconf 78' lang='lat' dir='ltr'><strong>Ancus</strong></span> <span class='ocrx_word' id='word_1_28' title='bbox 1083 1798 1114 1850; x_wconf 74' lang='grc' dir='ltr'><strong>ιε</strong></span> 
     </span>
     <span class='ocr_line' id='line_1_7' title="bbox 330 1863 727 1928; baseline -0.015 0"><span class='ocrx_word' id='word_1_29' title='bbox 330 1864 434 1928; x_wconf 86' lang='lat' dir='ltr'><strong>Pulvis</strong></span> <span class='ocrx_word' id='word_1_30' title='bbox 449 1869 481 1926; x_wconf 89' lang='lat' dir='ltr'><strong>et</strong></span> <span class='ocrx_word' id='word_1_31' title='bbox 494 1863 600 1926; x_wconf 88' lang='lat' dir='ltr'><strong>umbra</strong></span> <span class='ocrx_word' id='word_1_32' title='bbox 615 1880 727 1924; x_wconf 90' lang='lat' dir='ltr'><strong>sumus.</strong></span> 
     </span>
     <span class='ocr_line' id='line_1_8' title="bbox 158 1945 997 2033; baseline -0.001 -19"><span class='ocrx_word' id='word_1_33' title='bbox 158 1948 232 2025; x_wconf 79' lang='lat' dir='ltr'><strong>Quis</strong></span> <span class='ocrx_word' id='word_1_34' title='bbox 247 1949 305 2014; x_wconf 90' lang='lat' dir='ltr'><strong>scit</strong></span> <span class='ocrx_word' id='word_1_35' title='bbox 330 1969 369 2012; x_wconf 89' lang='lat' dir='ltr'><strong>an</strong></span> <span class='ocrx_word' id='word_1_36' title='bbox 384 1948 527 2033; x_wconf 85' lang='lat' dir='ltr'><strong>adjiciant</strong></span> <span class='ocrx_word' id='word_1_37' title='bbox 540 1946 702 2010; x_wconf 76' lang='lat' dir='ltr'><strong>hodiernae</strong></span> <span class='ocrx_word' id='word_1_38' title='bbox 718 1945 850 2009; x_wconf 81' lang='lat' dir='ltr'><strong>crastina</strong></span> <span class='ocrx_word' id='word_1_39' title='bbox 863 1967 997 2013; x_wconf 69' lang='lat' dir='ltr'><strong>summae</strong></span> 
     </span>
     <span class='ocr_line' id='line_1_9' title="bbox 330 2028 663 2116; baseline -0.015 -19"><span class='ocrx_word' id='word_1_40' title='bbox 330 2033 479 2116; x_wconf 75' lang='lat' dir='ltr'><strong>Tempora</strong></span> <span class='ocrx_word' id='word_1_41' title='bbox 493 2032 524 2095; x_wconf 92' lang='lat' dir='ltr'><strong>di</strong></span> <span class='ocrx_word' id='word_1_42' title='bbox 538 2028 663 2114; x_wconf 85' lang='lat' dir='ltr'><strong>superii</strong></span> 
     </span>
     <span class='ocr_line' id='line_1_10' title="bbox 159 2113 920 2200; baseline -0.001 -16"><span class='ocrx_word' id='word_1_43' title='bbox 159 2119 278 2184; x_wconf 82' lang='lat' dir='ltr'><strong>Cuncta</strong></span> <span class='ocrx_word' id='word_1_44' title='bbox 290 2138 396 2181; x_wconf 89' lang='lat' dir='ltr'><strong>manus</strong></span> <span class='ocrx_word' id='word_1_45' title='bbox 411 2116 513 2181; x_wconf 80' lang='lat' dir='ltr'><strong>avidas</strong></span> <span class='ocrx_word' id='word_1_46' title='bbox 527 2117 646 2200; x_wconf 81' lang='lat' dir='ltr'><strong>fugient</strong></span> <span class='ocrx_word' id='word_1_47' title='bbox 676 2113 799 2179; x_wconf 85' lang='lat' dir='ltr'><strong>herodis</strong></span> <span class='ocrx_word' id='word_1_48' title='bbox 823 2116 920 2183; x_wconf 85' lang='lat' dir='ltr'><strong>amico</strong></span> 
     </span>
     <span class='ocr_line' id='line_1_11' title="bbox 330 2200 1115 2277; baseline -0.006 -12"><span class='ocrx_word' id='word_1_49' title='bbox 330 2201 415 2277; x_wconf 83' lang='lat' dir='ltr'><strong>Quae</strong></span> <span class='ocrx_word' id='word_1_50' title='bbox 431 2200 549 2266; x_wconf 85' lang='lat' dir='ltr'><strong>dederis</strong></span> <span class='ocrx_word' id='word_1_51' title='bbox 564 2201 673 2264; x_wconf 88' lang='lat' dir='ltr'><strong>animo.</strong></span> <span class='ocrx_word' id='word_1_52' title='bbox 1080 2221 1115 2273; x_wconf 60' lang='grc' dir='ltr'><strong><em>α</em></strong></span> 
     </span>
     <span class='ocr_line' id='line_1_12' title="bbox 160 2285 966 2371; baseline 0.001 -20"><span class='ocrx_word' id='word_1_53' title='bbox 160 2286 239 2352; x_wconf 86' lang='lat' dir='ltr'><strong>Cum</strong></span> <span class='ocrx_word' id='word_1_54' title='bbox 259 2288 354 2352; x_wconf 91' lang='lat' dir='ltr'><strong>semel</strong></span> <span class='ocrx_word' id='word_1_55' title='bbox 376 2285 524 2352; x_wconf 89' lang='lat' dir='ltr'><strong>occideris</strong></span> <span class='ocrx_word' id='word_1_56' title='bbox 546 2291 578 2348; x_wconf 89' lang='lat' dir='ltr'><strong>et</strong></span> <span class='ocrx_word' id='word_1_57' title='bbox 598 2285 636 2349; x_wconf 90' lang='lat' dir='ltr'><strong>de</strong></span> <span class='ocrx_word' id='word_1_58' title='bbox 648 2291 679 2349; x_wconf 84' lang='lat' dir='ltr'><strong>te</strong></span> <span class='ocrx_word' id='word_1_59' title='bbox 694 2286 852 2371; x_wconf 82' lang='lat' dir='ltr'><strong>splendida</strong></span> <span class='ocrx_word' id='word_1_60' title='bbox 865 2285 966 2352; x_wconf 85' lang='lat' dir='ltr'><strong>Minos</strong></span> 
     </span>
     <span class='ocr_line' id='line_1_13' title="bbox 330 2371 599 2449; baseline -0.007 -14"><span class='ocrx_word' id='word_1_61' title='bbox 330 2371 452 2437; x_wconf 82' lang='lat' dir='ltr'><strong>Fecerit</strong></span> <span class='ocrx_word' id='word_1_62' title='bbox 465 2371 599 2449; x_wconf 86' lang='lat' dir='ltr'><strong>arbitria,</strong></span> 
     </span>
     <span class='ocr_line' id='line_1_14' title="bbox 160 2456 946 2542; baseline 0.001 -21"><span class='ocrx_word' id='word_1_63' title='bbox 160 2456 243 2536; x_wconf 86' lang='lat' dir='ltr'><strong>Non,</strong></span> <span class='ocrx_word' id='word_1_64' title='bbox 257 2456 420 2542; x_wconf 76' lang='lat' dir='ltr'><strong>Torquate,</strong></span> <span class='ocrx_word' id='word_1_65' title='bbox 435 2477 541 2539; x_wconf 83' lang='lat' dir='ltr'><strong>genus,</strong></span> <span class='ocrx_word' id='word_1_66' title='bbox 553 2476 614 2518; x_wconf 91' lang='lat' dir='ltr'><strong>non</strong></span> <span class='ocrx_word' id='word_1_67' title='bbox 628 2460 658 2517; x_wconf 87' lang='lat' dir='ltr'><strong>te</strong></span> <span class='ocrx_word' id='word_1_68' title='bbox 673 2456 826 2538; x_wconf 73' lang='lat' dir='ltr'><strong>facundia,</strong></span> <span class='ocrx_word' id='word_1_69' title='bbox 840 2477 902 2522; x_wconf 85' lang='lat' dir='ltr'><strong>non</strong></span> <span class='ocrx_word' id='word_1_70' title='bbox 915 2463 946 2522; x_wconf 81' lang='lat' dir='ltr'><strong>to</strong></span> 
     </span>
     <span class='ocr_line' id='line_1_15' title="bbox 331 2542 610 2625; baseline -0.007 -19"><span class='ocrx_word' id='word_1_71' title='bbox 331 2544 484 2606; x_wconf 85' lang='lat' dir='ltr'><strong>Restituet</strong></span> <span class='ocrx_word' id='word_1_72' title='bbox 497 2542 610 2625; x_wconf 89' lang='lat' dir='ltr'><strong>pietas;</strong></span> 
     </span>
     <span class='ocr_line' id='line_1_16' title="bbox 160 2625 1116 2712; baseline 0 -21"><span class='ocrx_word' id='word_1_73' title='bbox 160 2626 292 2691; x_wconf 78' lang='lat' dir='ltr'><strong>Informis</strong></span> <span class='ocrx_word' id='word_1_74' title='bbox 305 2648 404 2711; x_wconf 89' lang='lat' dir='ltr'><strong>neque</strong></span> <span class='ocrx_word' id='word_1_75' title='bbox 419 2628 498 2690; x_wconf 89' lang='lat' dir='ltr'><strong>enim</strong></span> <span class='ocrx_word' id='word_1_76' title='bbox 514 2625 644 2689; x_wconf 89' lang='lat' dir='ltr'><strong>tenebris</strong></span> <span class='ocrx_word' id='word_1_77' title='bbox 658 2626 760 2691; x_wconf 84' lang='lat' dir='ltr'><strong>Diana</strong></span> <span class='ocrx_word' id='word_1_78' title='bbox 773 2625 916 2712; x_wconf 86' lang='lat' dir='ltr'><strong>pudicum</strong></span> <span class='ocrx_word' id='word_1_79' title='bbox 1080 2645 1116 2697; x_wconf 67' lang='grc' dir='ltr'>κ</span> 
     </span>
     <span class='ocr_line' id='line_1_17' title="bbox 331 2711 679 2795; baseline -0.006 -20"><span class='ocrx_word' id='word_1_80' title='bbox 331 2713 454 2776; x_wconf 85' lang='lat' dir='ltr'><strong>Liberat</strong></span> <span class='ocrx_word' id='word_1_81' title='bbox 468 2711 679 2795; x_wconf 76' lang='lat' dir='ltr'><strong>Hippolytum,</strong></span> 
     </span>
     <span class='ocr_line' id='line_1_18' title="bbox 160 2794 903 2882; baseline 0.004 -23"><span class='ocrx_word' id='word_1_82' title='bbox 160 2794 229 2862; x_wconf 88' lang='lat' dir='ltr'><strong>Nec</strong></span> <span class='ocrx_word' id='word_1_83' title='bbox 244 2796 381 2863; x_wconf 75' lang='lat' dir='ltr'><strong>Lethaea</strong></span> <span class='ocrx_word' id='word_1_84' title='bbox 395 2798 475 2859; x_wconf 84' lang='lat' dir='ltr'><strong>valet</strong></span> <span class='ocrx_word' id='word_1_85' title='bbox 490 2796 624 2859; x_wconf 77' lang='lat' dir='ltr'><strong>Theseus</strong></span> <span class='ocrx_word' id='word_1_86' title='bbox 639 2797 816 2882; x_wconf 84' lang='lat' dir='ltr'><strong>abrumpere</strong></span> <span class='ocrx_word' id='word_1_87' title='bbox 831 2815 903 2862; x_wconf 81' lang='lat' dir='ltr'><strong>carc</strong></span> 
     </span>
     <span class='ocr_line' id='line_1_19' title="bbox 331 2880 620 2946; baseline -0.003 -1"><span class='ocrx_word' id='word_1_88' title='bbox 331 2880 463 2946; x_wconf 80' lang='lat' dir='ltr'><strong>Vincula</strong></span> <span class='ocrx_word' id='word_1_89' title='bbox 478 2881 620 2945; x_wconf 88' lang='lat' dir='ltr'><strong>Pirithoo.</strong></span> 
     </span>
    </p>
   </div>
   <div class='ocr_carea' id='block_1_4' title="bbox 404 3300 787 3370">
    <p class='ocr_par' dir='ltr' id='par_1_4' title="bbox 404 3300 787 3370">
     <span class='ocr_line' id='line_1_20' title="bbox 404 3300 787 3370; baseline 0 -2"><span class='ocrx_word' id='word_1_90' title='bbox 404 3300 629 3369; x_wconf 80' lang='lat' dir='ltr'><strong>CARMEN</strong></span> <span class='ocrx_word' id='word_1_91' title='bbox 657 3302 787 3370; x_wconf 90' lang='lat' dir='ltr'><strong>VIII.</strong></span> 
     </span>
    </p>
   </div>
   <div class='ocr_carea' id='block_1_5' title="bbox 246 3644 907 3902">
    <p class='ocr_par' dir='ltr' id='par_1_5' title="bbox 246 3644 907 3902">
     <span class='ocr_line' id='line_1_21' title="bbox 246 3644 907 3731; baseline 0.005 -23"><span class='ocrx_word' id='word_1_92' title='bbox 246 3644 411 3709; x_wconf 72' lang='lat' dir='ltr'><strong>Donusam</strong></span> <span class='ocrx_word' id='word_1_93' title='bbox 425 3653 545 3731; x_wconf 82' lang='lat' dir='ltr'><strong>pateres</strong></span> <span class='ocrx_word' id='word_1_94' title='bbox 561 3665 708 3731; x_wconf 56' lang='lat' dir='ltr'><strong>putaque</strong></span> <span class='ocrx_word' id='word_1_95' title='bbox 723 3645 907 3727; x_wconf 88' lang='lat' dir='ltr'><strong>commodus,</strong></span> 
     </span>
     <span class='ocr_line' id='line_1_22' title="bbox 248 3729 771 3812; baseline 0.004 -18"><span class='ocrx_word' id='word_1_96' title='bbox 248 3729 422 3810; x_wconf 81' lang='lat' dir='ltr'><strong>Censorius,</strong></span> <span class='ocrx_word' id='word_1_97' title='bbox 437 3733 510 3796; x_wconf 89' lang='lat' dir='ltr'><strong>meis</strong></span> <span class='ocrx_word' id='word_1_98' title='bbox 524 3754 596 3797; x_wconf 85' lang='lat' dir='ltr'><strong>aera</strong></span> <span class='ocrx_word' id='word_1_99' title='bbox 610 3733 771 3812; x_wconf 78' lang='lat' dir='ltr'><strong>sodalibus,</strong></span> 
     </span>
     <span class='ocr_line' id='line_1_23' title="bbox 248 3814 843 3902; baseline 0.002 -23"><span class='ocrx_word' id='word_1_100' title='bbox 248 3814 400 3879; x_wconf 78' lang='lat' dir='ltr'><strong>Donarem</strong></span> <span class='ocrx_word' id='word_1_101' title='bbox 415 3817 559 3899; x_wconf 88' lang='lat' dir='ltr'><strong>tripodas,</strong></span> <span class='ocrx_word' id='word_1_102' title='bbox 574 3818 708 3902; x_wconf 86' lang='lat' dir='ltr'><strong>praemia</strong></span> <span class='ocrx_word' id='word_1_103' title='bbox 720 3817 843 3881; x_wconf 87' lang='lat' dir='ltr'><strong>fortium</strong></span> 
     </span>
    </p>
   </div>
   <div class='ocr_carea' id='block_1_6' title="bbox 248 3897 894 4058">
    <p class='ocr_par' dir='ltr' id='par_1_6' title="bbox 248 3897 894 4058">
     <span class='ocr_line' id='line_1_24' title="bbox 249 3897 894 3984; baseline 0.008 -23"><span class='ocrx_word' id='word_1_104' title='bbox 249 3897 419 3978; x_wconf 86' lang='lat' dir='ltr'><strong>Graiorum,</strong></span> <span class='ocrx_word' id='word_1_105' title='bbox 434 3921 532 3984; x_wconf 86' lang='lat' dir='ltr'><strong>neque</strong></span> <span class='ocrx_word' id='word_1_106' title='bbox 546 3909 581 3963; x_wconf 86' lang='lat' dir='ltr'><strong>tu</strong></span> <span class='ocrx_word' id='word_1_107' title='bbox 595 3904 724 3984; x_wconf 88' lang='lat' dir='ltr'><strong>pessima</strong></span> <span class='ocrx_word' id='word_1_108' title='bbox 737 3921 894 3966; x_wconf 88' lang='lat' dir='ltr'><strong>munerum</strong></span> 
     </span>
     <span class='ocr_line' id='line_1_25' title="bbox 248 3982 790 4058; baseline 0.006 -11"><span class='ocrx_word' id='word_1_109' title='bbox 248 3982 369 4058; x_wconf 84' lang='lat' dir='ltr'><strong>Ferres,</strong></span> <span class='ocrx_word' id='word_1_110' title='bbox 385 3982 476 4046; x_wconf 83' lang='lat' dir='ltr'><strong>divite</strong></span> <span class='ocrx_word' id='word_1_111' title='bbox 492 4004 539 4046; x_wconf 90' lang='lat' dir='ltr'><strong>me</strong></span> <span class='ocrx_word' id='word_1_112' title='bbox 551 3986 666 4048; x_wconf 85' lang='lat' dir='ltr'><strong>scilicet</strong></span> <span class='ocrx_word' id='word_1_113' title='bbox 680 3987 790 4049; x_wconf 84' lang='lat' dir='ltr'><strong>artium</strong></span> 
     </span>
    </p>
   </div>
   <div class='ocr_carea' id='block_1_7' title="bbox 247 4067 1117 4834">
    <p class='ocr_par' dir='ltr' id='par_1_7' title="bbox 248 4067 947 4156">
     <span class='ocr_line' id='line_1_26' title="bbox 248 4067 947 4156; baseline 0.009 -27"><span class='ocrx_word' id='word_1_114' title='bbox 248 4067 331 4141; x_wconf 84' lang='lat' dir='ltr'><strong>Quas</strong></span> <span class='ocrx_word' id='word_1_115' title='bbox 346 4074 399 4129; x_wconf 84' lang='lat' dir='ltr'><strong>aut</strong></span> <span class='ocrx_word' id='word_1_116' title='bbox 413 4067 589 4130; x_wconf 84' lang='lat' dir='ltr'><strong>Parrhasius</strong></span> <span class='ocrx_word' id='word_1_117' title='bbox 604 4070 728 4151; x_wconf 90' lang='lat' dir='ltr'><strong>protulit</strong></span> <span class='ocrx_word' id='word_1_118' title='bbox 753 4077 807 4134; x_wconf 87' lang='lat' dir='ltr'><strong>aut</strong></span> <span class='ocrx_word' id='word_1_119' title='bbox 823 4068 947 4156; x_wconf 62' lang='lat' dir='ltr'><strong>soom,</strong></span> 
     </span>
    </p>

    <p class='ocr_par' dir='ltr' id='par_1_8' title="bbox 248 4152 766 4235">
     <span class='ocr_line' id='line_1_27' title="bbox 248 4152 766 4235; baseline 0 -19"><span class='ocrx_word' id='word_1_120' title='bbox 248 4152 309 4217; x_wconf 90' lang='lat' dir='ltr'><strong>Hic</strong></span> <span class='ocrx_word' id='word_1_121' title='bbox 325 4172 407 4229; x_wconf 86' lang='lat' dir='ltr'><strong>saxo,</strong></span> <span class='ocrx_word' id='word_1_122' title='bbox 421 4152 540 4235; x_wconf 89' lang='lat' dir='ltr'><strong>liquidis</strong></span> <span class='ocrx_word' id='word_1_123' title='bbox 555 4153 605 4216; x_wconf 90' lang='lat' dir='ltr'><strong>ille</strong></span> <span class='ocrx_word' id='word_1_124' title='bbox 620 4154 766 4217; x_wconf 84' lang='lat' dir='ltr'><strong>coloribus</strong></span> 
     </span>
    </p>

    <p class='ocr_par' dir='ltr' id='par_1_9' title="bbox 249 4237 964 4323">
     <span class='ocr_line' id='line_1_28' title="bbox 249 4237 964 4323; baseline 0.006 -21"><span class='ocrx_word' id='word_1_125' title='bbox 249 4237 361 4303; x_wconf 85' lang='lat' dir='ltr'><strong>Sollers</strong></span> <span class='ocrx_word' id='word_1_126' title='bbox 376 4259 455 4300; x_wconf 91' lang='lat' dir='ltr'><strong>nunc</strong></span> <span class='ocrx_word' id='word_1_127' title='bbox 469 4237 618 4301; x_wconf 89' lang='lat' dir='ltr'><strong>hominem</strong></span> <span class='ocrx_word' id='word_1_128' title='bbox 632 4259 755 4323; x_wconf 89' lang='lat' dir='ltr'><strong>ponere,</strong></span> <span class='ocrx_word' id='word_1_129' title='bbox 767 4260 847 4303; x_wconf 91' lang='lat' dir='ltr'><strong>nnnc</strong></span> <span class='ocrx_word' id='word_1_130' title='bbox 863 4240 964 4306; x_wconf 86' lang='lat' dir='ltr'><strong>deum.</strong></span> 
     </span>
    </p>

    <p class='ocr_par' dir='ltr' id='par_1_10' title="bbox 251 4323 895 4404">
     <span class='ocr_line' id='line_1_29' title="bbox 251 4323 895 4404; baseline 0.002 -16"><span class='ocrx_word' id='word_1_131' title='bbox 251 4323 313 4388; x_wconf 85' lang='lat' dir='ltr'><strong>Sed</strong></span> <span class='ocrx_word' id='word_1_132' title='bbox 327 4345 388 4387; x_wconf 91' lang='lat' dir='ltr'><strong>non</strong></span> <span class='ocrx_word' id='word_1_133' title='bbox 401 4324 476 4387; x_wconf 88' lang='lat' dir='ltr'><strong>haec</strong></span> <span class='ocrx_word' id='word_1_134' title='bbox 491 4324 562 4386; x_wconf 92' lang='lat' dir='ltr'><strong>mihi</strong></span> <span class='ocrx_word' id='word_1_135' title='bbox 578 4324 633 4404; x_wconf 86' lang='lat' dir='ltr'><strong>vis,</strong></span> <span class='ocrx_word' id='word_1_136' title='bbox 647 4346 707 4389; x_wconf 90' lang='lat' dir='ltr'><strong>non</strong></span> <span class='ocrx_word' id='word_1_137' title='bbox 722 4324 776 4388; x_wconf 88' lang='lat' dir='ltr'><strong>tibi</strong></span> <span class='ocrx_word' id='word_1_138' title='bbox 791 4326 895 4389; x_wconf 85' lang='lat' dir='ltr'><strong>talium</strong></span> 
     </span>
    </p>

    <p class='ocr_par' dir='ltr' id='par_1_11' title="bbox 249 4409 1117 4581">
     <span class='ocr_line' id='line_1_30' title="bbox 249 4409 1117 4495; baseline 0.009 -24"><span class='ocrx_word' id='word_1_139' title='bbox 249 4409 313 4472; x_wconf 90' lang='lat' dir='ltr'><strong>Res</strong></span> <span class='ocrx_word' id='word_1_140' title='bbox 328 4416 375 4472; x_wconf 87' lang='lat' dir='ltr'><strong>est</strong></span> <span class='ocrx_word' id='word_1_141' title='bbox 389 4417 442 4472; x_wconf 90' lang='lat' dir='ltr'><strong>aut</strong></span> <span class='ocrx_word' id='word_1_142' title='bbox 456 4411 571 4473; x_wconf 90' lang='lat' dir='ltr'><strong>animus</strong></span> <span class='ocrx_word' id='word_1_143' title='bbox 586 4411 760 4475; x_wconf 92' lang='lat' dir='ltr'><strong>deliciarum</strong></span> <span class='ocrx_word' id='word_1_144' title='bbox 775 4432 877 4495; x_wconf 83' lang='lat' dir='ltr'><strong>egens.</strong></span> <span class='ocrx_word' id='word_1_145' title='bbox 1086 4430 1117 4481; x_wconf 78' lang='lat' dir='ltr'><strong>lt</strong></span> 
     </span>
     <span class='ocr_line' id='line_1_31' title="bbox 250 4493 909 4581; baseline 0.008 -25"><span class='ocrx_word' id='word_1_146' title='bbox 250 4493 373 4557; x_wconf 86' lang='lat' dir='ltr'><strong>Gaudes</strong></span> <span class='ocrx_word' id='word_1_147' title='bbox 384 4496 563 4559; x_wconf 89' lang='lat' dir='ltr'><strong>carminibus</strong></span> <span class='ocrx_word' id='word_1_148' title='bbox 577 4516 585 4572; x_wconf 93' lang='lat'>;</span> <span class='ocrx_word' id='word_1_149' title='bbox 608 4498 741 4560; x_wconf 85' lang='lat' dir='ltr'><strong>carmina</strong></span> <span class='ocrx_word' id='word_1_150' title='bbox 754 4517 909 4581; x_wconf 81' lang='lat' dir='ltr'><strong>possumus</strong></span> 
     </span>
    </p>

    <p class='ocr_par' dir='ltr' id='par_1_12' title="bbox 247 4577 827 4663">
     <span class='ocr_line' id='line_1_32' title="bbox 247 4577 827 4663; baseline 0.007 -24"><span class='ocrx_word' id='word_1_151' title='bbox 247 4577 369 4641; x_wconf 88' lang='lat' dir='ltr'><strong>Donare</strong></span> <span class='ocrx_word' id='word_1_152' title='bbox 396 4588 428 4643; x_wconf 89' lang='lat' dir='ltr'><strong>et</strong></span> <span class='ocrx_word' id='word_1_153' title='bbox 442 4581 570 4663; x_wconf 88' lang='lat' dir='ltr'><strong>pretium</strong></span> <span class='ocrx_word' id='word_1_154' title='bbox 586 4581 686 4646; x_wconf 87' lang='lat' dir='ltr'><strong>dicere</strong></span> <span class='ocrx_word' id='word_1_155' title='bbox 701 4583 827 4645; x_wconf 89' lang='lat' dir='ltr'><strong>muneri.</strong></span> 
     </span>
    </p>

    <p class='ocr_par' dir='ltr' id='par_1_13' title="bbox 249 4660 832 4750">
     <span class='ocr_line' id='line_1_33' title="bbox 249 4660 832 4750; baseline 0.009 -27"><span class='ocrx_word' id='word_1_156' title='bbox 249 4660 320 4725; x_wconf 88' lang='lat' dir='ltr'><strong>Non</strong></span> <span class='ocrx_word' id='word_1_157' title='bbox 334 4664 428 4728; x_wconf 89' lang='lat' dir='ltr'><strong>incisa</strong></span> <span class='ocrx_word' id='word_1_158' title='bbox 442 4667 519 4729; x_wconf 86' lang='lat' dir='ltr'><strong>notis</strong></span> <span class='ocrx_word' id='word_1_159' title='bbox 534 4687 682 4729; x_wconf 87' lang='lat' dir='ltr'><strong>marmora</strong></span> <span class='ocrx_word' id='word_1_160' title='bbox 696 4667 832 4750; x_wconf 86' lang='lat' dir='ltr'><strong>publicis,</strong></span> 
     </span>
    </p>

    <p class='ocr_par' dir='ltr' id='par_1_14' title="bbox 248 4744 853 4834">
     <span class='ocr_line' id='line_1_34' title="bbox 248 4744 853 4834; baseline 0.01 -27"><span class='ocrx_word' id='word_1_161' title='bbox 248 4744 310 4808; x_wconf 91' lang='lat' dir='ltr'><strong>Per</strong></span> <span class='ocrx_word' id='word_1_162' title='bbox 325 4768 403 4832; x_wconf 89' lang='lat' dir='ltr'><strong>quae</strong></span> <span class='ocrx_word' id='word_1_163' title='bbox 418 4751 539 4834; x_wconf 84' lang='lat' dir='ltr'><strong>spiritus</strong></span> <span class='ocrx_word' id='word_1_164' title='bbox 554 4758 586 4814; x_wconf 88' lang='lat' dir='ltr'><strong>et</strong></span> <span class='ocrx_word' id='word_1_165' title='bbox 600 4753 662 4815; x_wconf 86' lang='lat' dir='ltr'><strong>vita</strong></span> <span class='ocrx_word' id='word_1_166' title='bbox 676 4751 755 4815; x_wconf 86' lang='lat' dir='ltr'><strong>redit</strong></span> <span class='ocrx_word' id='word_1_167' title='bbox 769 4751 853 4814; x_wconf 86' lang='lat' dir='ltr'><strong>bonis</strong></span> 
     </span>
    </p>
   </div>
   <div class='ocr_carea' id='block_1_8' title="bbox 0 0 1470 6042">
    <p class='ocr_par' dir='ltr' id='par_1_15' title="bbox 0 0 1470 6042">
     <span class='ocr_line' id='line_1_35' title="bbox 0 0 1470 6042; baseline 0 0"><span class='ocrx_word' id='word_1_168' title='bbox 0 0 1470 6042; x_wconf 95' lang='lat' dir='ltr'><strong> </strong></span> 
     </span>
    </p>
   </div>
  </div>
 </body>
</html>
