2900 6042
198 1271 261 1336 126
623 1286 809 1334 sumansu

198 1442 279 1517 Quid
294 1443 387 1506 facias
399 1442 465 1506 illi?
509 1441 532 1507 J
533 1443 626 1505 ubeas
640 1443 782 1505 miserum
797 1462 863 1506 esse
877 1440 1008 1506 libenter

198 1531 355 1606 Quatenus
371 1529 401 1591 id
416 1528 506 1606 facit;
528 1536 564 1590 ut
578 1529 699 1611 quidam
714 1537 898 1592 memoratur
911 1526 1045 1592 Athenis

199 1616 345 1681 Sordidus
362 1637 397 1678 ao
413 1616 508 1693 dives,
525 1616 625 1698 populi
641 1626 833 1678 contemnere
849 1635 939 1677 voces

200 1703 251 1767 Sic
264 1704 389 1765 solitus:
414 1709 434 1737 “
451 1701 583 1784 Populus
599 1722 646 1764 me
663 1702 783 1767 sibilatr
805 1701 925 1763 etmihi
940 1698 1051 1783 plaudo

197 1790 268 1873 Ipse
285 1790 363 1850 domi
380 1788 465 1850 simul
482 1809 519 1849 ao
533 1809 668 1849 nummos
684 1788 869 1870 contemplor
883 1787 915 1849 in
929 1784 1032 1849 arca.”

198 1876 342 1939 Tantalus
359 1874 482 1937 ulubris
498 1874 601 1935 sitiens
616 1873 765 1954 fugientia
780 1880 883 1955 captat

197 1962 337 2025 llruninn
360 2007 367 2021 .
388 2006 395 2020 .
421 2006 428 2020 .
455 2007 462 2020 .
488 1958 568 2031 Quid
584 1957 690 2021 rides?
713 1967 829 2021 mutato
844 1959 963 2021 nomine
979 1957 1017 2022 de
1033 1964 1064 2021 te

197 2048 313 2111 Fabula
328 2056 487 2108 narratur:
512 2045 662 2126 congestis
677 2045 811 2128 undique
827 2045 924 2108 saccis

197 2134 346 2197 Indormis
361 2133 478 2193 inhians
494 2139 525 2193 et
541 2138 691 2214 tamquam
708 2153 832 2215 parcere
847 2130 941 2195 saeris

198 2220 322 2302 Cogeris
341 2228 393 2279 aut
409 2218 496 2300 pictis
512 2224 664 2300 tamquam
681 2218 815 2300 gaudere
830 2218 956 2281 tabellis.

198 2306 307 2368 Nescis
323 2327 381 2387 quo
399 2306 497 2366 valeat
513 2303 676 2366 nummus?
700 2326 789 2387 quem
805 2305 951 2388 praebeat
964 2300 1075 2369 rrsnmi

198 2392 290 2454 Panis
306 2401 433 2467 ematur,
450 2392 525 2464 olus,
542 2391 602 2452 vini
617 2391 777 2474 sextarius,
793 2391 872 2455 adde

198 2476 272 2550 Quis
287 2479 417 2539 humana
433 2478 487 2539 sini
504 2478 603 2538 doleat
618 2489 728 2539 natura
743 2478 871 2560 negatis.

198 2565 249 2626 An
268 2565 389 2643 vigilare
407 2573 487 2625 nictu
505 2564 683 2641 exanimem,
700 2572 864 2647 noctesque
880 2563 1004 2648 diesque

198 2651 224 2711 F
225 2651 374 2712 orrnidarc
391 2652 483 2711 nialus
501 2650 591 2724 furca,
607 2650 757 2725 incendia,
773 2672 875 2713 servos

198 2735 229 2797 N
232 2759 248 2798 c
265 2746 293 2798 te
310 2737 468 2818 compilant
488 2737 647 2817 fugientes,
663 2737 719 2797 hoc
730 2736 842 2820 juvat?
888 2737 1005 2798 Horum

200 2820 325 2905 Semper
342 2844 398 2903 ego
413 2823 538 2904 optarim
556 2824 762 2904 pauperrimus
778 2844 843 2885 csse
859 2824 1013 2886 bonorum.

198 2912 219 2944 “
233 2909 275 2970 At
291 2910 314 2969 si
331 2908 481 2970 condoluit
499 2918 645 2970 tentatum
661 2909 773 2988 frigore
789 2930 909 2991 corpus,

199 2995 264 3057 Aut
280 2996 354 3058 alius
370 3016 457 3056 casus
479 2996 555 3056 lecto
573 3004 601 3055 te
618 2995 733 3063 adfixit,
749 2996 841 3058 habes
856 2995 908 3079 qui

199 3080 358 3158 Adsideat,
374 3082 506 3142 fornoum
522 3090 619 3162 paret,
635 3082 784 3144 medicum
801 3092 887 3164 roget
901 3089 936 3144 ut
951 3087 981 3143 te

201 3164 333 3228 Suscitet
349 3189 383 3228 uc
401 3168 498 3243 erratis
516 3168 622 3229 reddat
638 3169 774 3250 carisque
792 3167 996 3252 p1·opinquis.”

198 3251 230 3314 N
232 3275 269 3314 on
286 3275 359 3314 uxor
374 3254 488 3315 salvum
508 3264 535 3315 te
553 3257 626 3329 vult,
642 3276 702 3315 nou
716 3255 816 3330 filius3
840 3277 942 3318 omnes

199 3337 299 3400 Vicini
315 3339 455 3415 oderunt,
472 3340 543 3416 uoti,
561 3340 644 3421 pueri
661 3350 752 3422 atque
769 3343 895 3423 puellae.

143 3424 145 3429 ’
198 3423 330 3502 alifanis,
346 3446 437 3508 quuur
456 3434 487 3487 tu
504 3438 629 3508 argento
646 3441 711 3508 post
727 3427 825 3488 omnia
841 3448 944 3510 ponas,

200 3508 233 3572 Si
249 3533 335 3573 neruo
353 3521 485 3593 praestet
501 3535 589 3594 ‹preur
605 3534 663 3573 nou
680 3513 823 3575 merearis
839 3511 996 3598 amorem?

197 3597 248 3658 An
265 3597 289 3659 si
305 3605 459 3678 cognatos,
475 3599 555 3659 nullo
571 3608 679 3660 natura
695 3599 795 3661 labore

198 3680 279 3754 Quos
296 3683 347 3744 tibi
364 3683 427 3761 dat,
444 3684 573 3746 retinere
587 3685 659 3746 velis
675 3702 857 3768 servareque
874 3686 996 3766 amicos,

197 3767 307 3830 Infelix
322 3790 442 3852 operam
459 3769 593 3851 perdas?
616 3776 651 3831 ut
665 3771 690 3832 si
706 3772 773 3853 quis
789 3773 914 3834 asellum

197 3853 235 3917 In
252 3854 364 3938 Campo
380 3854 487 3916 doceat
504 3863 658 3938 parentem
675 3878 797 3919 currere
814 3858 914 3920 frenis.

195 3937 336 4023 Denique
352 3940 389 4003 sit
404 3941 471 4003 finis
486 3941 662 4023 quaerendi,
678 3964 830 4026 quumque
845 3945 957 4008 habeas
972 3946 1040 4029 plus

196 4024 377 4110 Pauperiem
393 4036 508 4089 metuas
524 4029 620 4090 miuus
636 4038 667 4090 et
682 4030 768 4091 linire
785 4031 916 4093 laborem

199 4111 339 4195 incipias,
355 4122 440 4195 parto
457 4114 536 4195 quod
552 4114 673 4191 anchus,
689 4137 727 4177 nc
743 4116 836 4179 facias
851 4117 932 4200 quod

196 4196 367 4262 Ummidius
383 4200 524 4281 quidam3
544 4222 602 4261 non
618 4201 707 4283 longa
723 4211 770 4264 est
785 4203 904 4266 fabula:
929 4204 1014 4268 dives

196 4282 242 4347 Ut
257 4285 414 4347 metiretur
430 4307 583 4361 nurnmos3
608 4287 650 4349 ita
665 4288 804 4351 sordidus
820 4299 854 4352 ut
869 4312 901 4353 se

196 4369 266 4433 Nou
283 4393 414 4453 unquam
430 4394 516 4435 servo
532 4373 638 4435 melius
655 4375 798 4451 vcstirct3
822 4376 959 4461 adusque

198 4454 377 4539 Supremam
393 4466 522 4541 tempus,
538 4481 576 4522 nc
592 4481 623 4521 sc
641 4462 767 4542 penuria
783 4462 879 4525 victus

198 4541 390 4625 Opprimerct
405 4546 567 4607 metuebat.
613 4546 658 4608 At
674 4547 753 4608 hunc
769 4548 878 4611 liberta
892 4548 991 4612 securi

195 4627 307 4691 Divisit
321 4629 463 4707 medium,
478 4632 639 4694 fortissima
654 4632 904 4715 Tyndaridarum.
1195 4647 1242 4698 10⁰

196 4712 307 4787 “Quid
322 4715 362 4777 mi
377 4715 469 4797 igitur
484 4716 619 4780 suades?
643 4726 677 4779 ut
692 4719 791 4781 vivam
807 4720 972 4784 Maenius?
995 4729 1049 4787 aut
1063 4722 1107 4789 sic

196 4799 240 4864 Ut
253 4800 463 4864 Nomentanus
475 4800 488 4863 i
500 4802 519 4831 ”
566 4802 674 4886 Pergis
689 4806 855 4889 pugnantia
869 4828 972 4872 secum
