2900 6042
572 895 746 941 onnossxuu

312 1052 440 1137 Fugerit
455 1050 539 1115 renis
566 1056 597 1114 et
612 1070 742 1133 aquosus
757 1050 823 1114 nlbo

487 1136 619 1221 Corpore
634 1138 771 1218 languor.

311 1224 477 1290 Redditum
492 1222 566 1308 Gyri
580 1222 653 1286 solio
667 1222 822 1285 Phraaten

311 1311 468 1376 Dissidens
484 1309 564 1392 plebi
590 1329 715 1372 numero
730 1308 886 1371 beatorum

311 1396 425 1462 Eximit
439 1395 558 1474 Virtus,
573 1395 775 1480 populumque
790 1393 872 1458 falsis

483 1481 624 1546 Dedecet
637 1481 682 1543 uti

313 1565 460 1648 Vocibus,
475 1589 603 1650 regnum
618 1573 650 1630 et
665 1565 805 1629 disdems
818 1570 918 1628 tutum

312 1653 463 1718 Deferens
477 1654 531 1716 uni
544 1648 755 1737 propriamque
769 1651 888 1715 laurum

313 1736 456 1823 Quisquis
469 1738 611 1822 ingentes
626 1738 712 1803 oculo
720 1736 866 1802 inretorto

484 1822 610 1910 Spectet
624 1843 759 1889 enervos.

475 2248 713 2317 OARMEN
743 2248 840 2315 111.

309 2590 454 2664 Annum
466 2596 616 2656 memento
627 2590 717 2656 rebus
732 2589 765 2654 in
777 2591 880 2658 arduis

310 2676 441 2744 Servare
454 2684 598 2758 mentem,
612 2698 673 2741 non
687 2697 775 2742 secus
788 2678 821 2742 in
830 2678 916 2745 bonis

350 2763 404 2829 Ab
417 2763 557 2828 insolenti
571 2770 769 2848 temperatam

396 2847 537 2931 Iustitia,
552 2850 695 2916 moriture
710 2849 803 2933 Delli,

309 2932 373 3001 Seu
386 2942 519 3000 moestus
533 2937 613 3000 omni
627 2943 762 3022 tempore
777 2937 898 3019 rixeris,

311 3019 375 3088 Seu
388 3025 420 3085 te
435 3020 468 3085 in
483 3028 597 3087 remoto
612 3023 748 3106 gramine
764 3044 820 3108 per
834 3024 899 3089 diss

347 3106 456 3173 Festos
470 3109 648 3173 reclinatum
662 3109 763 3173 bearis
787 3147 791 3155 ·

392 3192 541 3260 Interiore
555 3201 627 3260 noto
640 3194 773 3260 Falerni.

306 3276 374 3353 Quo
387 3280 476 3364 pinus
490 3281 596 3366 ingens
611 3281 739 3366 albaque
755 3281 882 3366 populus

305 3363 454 3429 Umbram
467 3366 643 3451 hospitalem
658 3367 829 3432 eonsooisrs
844 3372 948 3433 smsut

348 3450 454 3514 Remis
465 3449 479 3513 ἲ
523 3451 604 3525 Quid
617 3451 737 3534 obliquo
751 3451 868 3516 lsborst

392 3533 532 3618 Lymphs
545 3536 639 3618 fugax
653 3535 805 3619 trepidare
819 3534 909 3601 rivo?

307 3617 380 3682 Huo
394 3619 467 3683 sins
480 3625 513 3682 et
526 3625 682 3702 unguenta
693 3627 727 3683 et
739 3620 864 3684 nimium
876 3621 984 3688 breves

303 3703 410 3770 Florss
425 3722 567 3768 amoenus
581 3705 662 3768 ferre
672 3705 747 3790 jube
762 3725 860 3789 resne,

349 3789 432 3854 Dum
445 3809 494 3853 res
509 3796 542 3853 et
556 3796 640 3855 setes
654 3797 687 3856 et
709 3810 847 3857 sororum

390 3875 459 3940 Fils
473 3874 564 3940 trium
578 3876 734 3962 patiuntur
746 3883 824 3943 stru

306 3957 405 4027 cedes
419 3961 564 4050 eotimptis
572 3963 697 4028 saltibus
708 3972 741 4028 et
754 3963 842 4031 domo

304 4047 369 4113 Vill
409 4068 448 4113 ue
474 4048 569 4114 flemis
584 4071 674 4135 qusm
688 4050 805 4116 Tiberis
819 4052 903 4137 lusit,

347 4132 373 4198 0
414 4155 447 4199 es
470 4140 503 4198 et
523 4136 685 4201 exstructis
706 4136 740 4201 in
758 4138 854 4203 ultum

387 4219 509 4286 Divitiis
523 4222 655 4306 potietur
668 4223 770 4291 heres.

303 4302 436 4369 Divesne
450 4307 548 4391 priseo
561 4315 651 4372 ustus
661 4309 700 4373 sb
710 4308 829 4374 Insoho

300 4388 354 4454 Nn
369 4389 494 4456 interest
517 4412 557 4457 nn
570 4414 687 4480 pnnper
701 4401 735 4459 et
748 4395 851 4460 infima
