2900 6042
1081 1373 1228 1478 mss
1261 1422 1336 1479 11.
1382 1421 1519 1479 m.
1564 1421 1686 1478 m.
2339 1417 2468 1484 m
2549 1367 2564 1381 ’

374 1583 670 1671 Imposita
694 1583 860 1650 haud
889 1605 1157 1671 unquam
1187 1586 1410 1651 misera
1436 1585 1755 1650 formidine
1784 1584 2034 1672 privet?

371 1671 557 1738 Adde
590 1693 774 1757 super
803 1672 980 1736 dictis
1011 1673 1171 1758 quod
1201 1695 1320 1737 non
1349 1674 1544 1737 levius
1575 1674 1812 1737 valeat:
1860 1695 2003 1739 nam

376 1756 519 1824 Sive
551 1759 811 1823 vicarius
842 1767 936 1823 est
964 1760 1068 1843 qui
1098 1780 1275 1824 servo
1305 1767 1502 1845 paret,
1534 1760 1622 1822 uti
1653 1780 1780 1823 mos

371 1841 602 1911 Vester
631 1845 737 1925 ait,
769 1867 879 1909 seu
908 1867 1276 1923 conservus3
1325 1846 1430 1909 tibi
1462 1845 1609 1930 quid
1638 1867 1772 1909 sum
1804 1844 1971 1930 ego?
2044 1846 2287 1934 Nempe
2401 1868 2467 1919 so

373 1929 470 1996 'ru
497 1932 643 1995 mihi
672 1932 774 2016 qui
804 1932 1112 2017 imperitas
1142 1933 1242 1995 alii
1270 1933 1462 1996 servis
1491 1933 1676 1995 miser
1705 1940 1889 2017 atque
1942 1930 1948 1936 ’

373 2015 634 2083 Duceris
662 2025 734 2080 ut
759 2019 957 2081 nervis
987 2018 1197 2082 alienis
1228 2019 1441 2082 mobile
1472 2019 1723 2101 lignum.

375 2103 664 2178 Quisnam
693 2104 882 2187 igitur
909 2104 1114 2168 liber?
1207 2103 1462 2189 Sapiens
1492 2105 1603 2168 sibi
1634 2105 1738 2189 qui
1768 2105 2143 2191 imperiosus,

375 2189 570 2264 Quem
599 2211 797 2275 neque
827 2191 1147 2276 pauperies
1178 2213 1375 2276 neque
1407 2213 1567 2255 mors
1596 2213 1795 2275 neque
1831 2193 2076 2258 vincula
2103 2199 2358 2273 terrent,

371 2274 754 2361 Responsare
788 2277 1187 2361 cupidinibus,
1219 2285 1605 2342 contemnere
1635 2278 1891 2342 honores
2403 2294 2469 2348 85

368 2360 595 2442 Fortis,
624 2369 690 2427 et
716 2363 780 2426 in
810 2384 875 2426 se
905 2363 1033 2447 ipso
1068 2371 1250 2444 totus,
1283 2373 1467 2443 teres,
1499 2371 1683 2448 atque
1714 2363 2035 2449 rotundus,

371 2446 629 2513 Externi
657 2471 737 2513 ne
767 2448 913 2534 quid
944 2450 1145 2513 valeat
1174 2471 1284 2534 per
1312 2451 1444 2513 leve
1476 2450 1718 2530 morari,

370 2532 450 2600 In
480 2556 661 2620 quem
690 2555 907 2599 manca
935 2535 1059 2598 ruit
1090 2556 1328 2619 semper
1355 2535 1617 2599 fortuna.
1706 2536 1969 2600 Potesne

371 2614 470 2685 Ex
496 2622 590 2686 his
619 2629 691 2685 ut
719 2620 1028 2706 proprium
1057 2619 1203 2705 quid
1233 2620 1532 2684 noscere?
1622 2619 1905 2706 Quinque
1934 2622 2169 2687 talenta

371 2705 581 2772 Poscit
612 2716 671 2771 te
701 2708 940 2785 mulier,
972 2715 1153 2771 vexat
1181 2707 1527 2791 foribusque
1558 2708 1867 2791 repulsum
2327 2758 2335 2768 .
2402 2722 2468 2778 ω’

370 2791 700 2858 Perfundit
728 2793 951 2877 gelida,
982 2814 1192 2857 rursus
1224 2803 1430 2870 vocat3
1478 2794 1644 2878 eripe
1676 2794 1841 2877 turpi

373 2879 548 2944 Colla
565 2880 719 2964 jugo
745 2899 762 2958 ;
809 2879 1014 2959 Liber,
1044 2881 1197 2943 liber
1224 2901 1380 2960 sum,
1410 2879 1509 2945 dic
1541 2901 1677 2964 age.
1770 2879 1913 2944 Non
1942 2878 2118 2966 quis;
2194 2882 2200 2889 ’

370 2963 579 3050 Urget
607 2966 764 3029 enim
797 2966 1070 3031 dominus
1099 2974 1362 3030 mentem
1390 2988 1511 3030 non
1539 2967 1692 3031 lenis
1723 2973 1788 3031 et
1816 2988 1989 3032 acres

375 3049 695 3136 Subjectat
722 3053 877 3116 lasso
908 3053 1178 3117 stimulos
1211 3061 1530 3137 versatque
1561 3059 1906 3138 negantem.

369 3134 495 3202 Vel
522 3159 661 3203 eum
692 3137 991 3202 Pausiaca
1029 3147 1251 3224 torpes,
1281 3140 1515 3217 insane,
1547 3141 1794 3219 tabella,
2398 3156 2466 3209 915

372 3223 492 3299 Qui
521 3245 739 3309 peccas
771 3225 967 3288 minus
997 3233 1180 3310 atque
1212 3248 1348 3310 ego,
1380 3247 1518 3290 cum
1548 3225 1728 3291 Fulvi
1759 3226 2165 3312 Rutubaeque

368 3309 506 3375 Aut
535 3311 883 3375 Pacideiani
916 3319 1200 3376 contento
1232 3313 1454 3397 poplite
1485 3313 1668 3377 miror

369 3395 614 3475 Proelia
640 3398 883 3462 rubrica
912 3398 1074 3482 picta
1105 3406 1214 3462 aut
1243 3400 1525 3478 carbone,
1556 3400 1725 3463 velut
1752 3398 1804 3461 si

369 3480 467 3549 Re
497 3505 644 3547 vera
668 3493 961 3568 pugnent,
991 3486 1237 3564 feriant,
1267 3486 1581 3568 vitentque
1614 3493 1924 3549 moventes

367 3569 566 3636 Δι’ωα
595 3570 755 3634 viri?
845 3571 1128 3654 Nequam
1159 3579 1223 3634 et
1252 3579 1522 3635 cessator
1552 3571 1763 3635 Davus
1789 3590 1807 3647 ;
1853 3577 1918 3634 at
1946 3569 2075 3655 ipse
2371 3582 2465 3641 100

372 3653 624 3721 Subtilis
653 3665 926 3726 veterum
947 3657 1139 3740 judex
1170 3665 1234 3720 et
1262 3656 1515 3721 callidus
1545 3657 1738 3721 audis.

367 3741 480 3807 Nil
509 3764 624 3826 ego
654 3743 702 3806 si
734 3742 924 3806 ducor
953 3744 1071 3806 libo
1099 3743 1372 3806 fumante
1398 3765 1414 3805 ε
1466 3742 1572 3805 tibi
1603 3743 1818 3826 ingens

367 3828 588 3893 Virtus
619 3836 802 3912 atque
833 3830 1066 3892 animus
1098 3830 1301 3896 coenis
1331 3836 1648 3911 responsat
1676 3828 1887 3913 opimis

370 3910 747 3998 Obsequium
779 3915 1005 3977 ventris
1035 3914 1179 3977 mihi
1208 3913 1597 3999 perniciosius
1628 3922 1722 3978 est
1751 3911 1909 3978 cui-⁰?

368 4000 572 4085 [Pergo
603 4001 834 4085 plector
864 4000 1043 4063 enim.
1137 3998 1255 4073 Qui
1287 4009 1356 4064 tu
1383 4000 1730 4085 impunitior
1757 4001 1863 4065 illa
2371 4012 2468 4072 ιω

369 4085 544 4162 Quae
575 4108 761 4172 parvo
792 4087 946 4150 sumi
975 4095 1287 4170 nequeunt
1315 4087 1561 4151 obsonia
1589 4086 1847 4172 captas?

367 4172 611 4258 Nempe
641 4174 1088 4237 inamarescunt
1118 4174 1332 4258 epulae
1363 4175 1493 4238 sine
1523 4175 1645 4238 fine
1677 4174 1921 4258 petitae.

367 4259 661 4345 Illusique
694 4260 878 4344 pedes
911 4260 1184 4323 vitiosum
1212 4261 1373 4324 ferre
1405 4267 1692 4325 recusant

371 4342 626 4431 Corpus.
717 4346 822 4409 An
852 4346 949 4410 hic
981 4356 1217 4431 peccat,
1248 4348 1357 4410 sub
1388 4354 1628 4411 noctem
1658 4346 1761 4432 qui
1792 4367 1945 4430 puer
1972 4362 2155 4410 uvam

368 4428 624 4496 Furtiva
651 4440 848 4496 mutat
876 4433 1127 4517 strigili:
1177 4433 1281 4516 qui
1311 4433 1561 4518 praedia
1589 4432 1821 4512 vendit,
2370 4446 2466 4503 110

370 4517 479 4583 Nil
508 4519 724 4583 servile
757 4520 934 4602 gulae
966 4540 1184 4604 parens
1214 4518 1451 4583 habet?
1541 4519 1748 4598 Adde,
1780 4517 1943 4603 quod
1972 4517 2133 4583 idem

372 4604 515 4670 Non
540 4605 750 4669 horam
782 4615 982 4669 tecum
1013 4627 1144 4670 esse
1177 4611 1370 4688 poteS,
1400 4626 1521 4668 non
1552 4606 1675 4669 otia
1702 4611 1872 4668 recte

371 4689 635 4770 Ponere,
666 4699 849 4777 teque
888 4692 1080 4776 ipsum
1116 4692 1296 4769 vitas,
1326 4692 1617 4774 fugitivus
1648 4699 1712 4755 et
1741 4711 1901 4770 erro,

369 4776 518 4844 Jam
546 4779 684 4842 vino
715 4799 1037 4863 quaerens,
1057 4779 1188 4863 jam
1218 4798 1421 4841 somno
1450 4778 1662 4841 fallere
1694 4798 1945 4841 curam:

373 4863 672 4942 Frustra3
716 4886 857 4929 nam
887 4880 1088 4929 comes
1116 4870 1252 4928 atra
1280 4864 1500 4948 premit
1527 4864 1922 4948 sequiturque
1951 4861 2017 4926 fu
2171 4861 2302 4928 m.”
2371 4873 2470 4933 11st

371 4952 418 4990 ‘⁴
443 4949 630 5018 Unde
657 4951 906 5102 ωἱζιὲωἱέ
946 4950 1107 5067 {dem
1130 4948 1373 5014 ?”-“
1390 4948 1692 5026 Quorsum
1722 4957 1817 5015 ost
1844 4962 1998 5035 opus
2065 4940 2468 5014 ”a—“Unde

635 5057 768 5122 sagi
