2900 6042
1171 1438 1297 1485 Lm.
1343 1437 1388 1484 1.
1435 1437 1568 1486 sA'r.
1613 1439 1705 1485 1v.
2355 1421 2485 1489 135

394 1588 560 1658 Nam
590 1591 704 1655 fuit
731 1591 845 1655 hoc
876 1589 1158 1655 vitiosus:
1206 1591 1268 1654 in
1299 1591 1450 1655 hora
1479 1613 1660 1675 saepe
1691 1591 1983 1657 ducentos

395 1675 492 1743 U't
518 1699 803 1760 magnum
837 1698 1044 1740 versus
1074 1677 1344 1740 dictabat
1373 1677 1724 1760 stanspede
1754 1679 1817 1741 in
1847 1699 1984 1740 uno.
2424 1697 2484 1748 ιο

396 1762 551 1827 Cum
581 1765 796 1826 flueret
824 1764 1156 1826 lutulentus
1180 1772 1312 1826 erat
1342 1764 1501 1846 quod
1536 1765 1744 1826 tollere
1776 1764 2002 1841 velles;

396 1848 693 1914 Garrulus
723 1859 904 1931 atque
936 1849 1110 1933 piger
1138 1850 1439 1911 scribendi
1468 1849 1628 1912 ferre
1659 1849 1945 1929 laborem,
2035 1848 2051 1864 '

399 1933 716 1998 Scribendi
747 1931 986 2033 recjte:
1036 1955 1174 1996 nam
1203 1943 1272 1997 ut
1305 1936 1557 1996 multum
1588 1933 1673 1997 nil
1702 1956 1915 1998 moror.
2006 1934 2197 2016 Ecce,

396 2020 707 2102 Crispinus
729 2021 967 2083 minimo
997 2040 1092 2082 me
1123 2032 1436 2103 provocat:
1473 2026 1514 2056 “
1532 2020 1789 2103 Accipe,
1818 2021 1870 2083 si
1900 2021 1990 2085 vis

392 2104 710 2188 Accipiam
743 2106 1010 2181 tabulas3
1053 2105 1234 2167 detur
1264 2106 1429 2168 nobis
1461 2107 1649 2185 loona,
1680 2106 1848 2185 hora,
2428 2126 2487 2174 15

395 2189 732 2261 Custodes3
778 2191 1085 2253 videamus
1117 2200 1253 2253 uter
1285 2192 1418 2275 plus
1447 2193 1710 2255 scribere
1742 2191 1995 2275 possit.’'

393 2280 434 2313 “
452 2277 531 2339 Di
564 2277 718 2339 bene
749 2276 1026 2338 fecerunt
1055 2277 1244 2360 inopis
1275 2298 1370 2340 me
1401 2277 1681 2360 quodque
1713 2278 1911 2359 pusilli

392 2361 730 2424 Finxerunt
758 2362 960 2438 animi,
994 2383 1128 2424 raro
1160 2374 1222 2425 et
1252 2383 1558 2446 perpauca
1586 2362 1899 2445 loquentis.

391 2446 485 2510 At
516 2455 582 2509 tu
614 2448 924 2510 conclusas
954 2448 1200 2511 hircinis
1230 2449 1466 2510 follibus
1497 2468 1699 2526 auraS,

393 2532 610 2616 Usque
634 2533 974 2595 laborantes
1005 2532 1149 2597 dum
1177 2534 1404 2595 ferrum
1438 2533 1664 2595 molliat
1692 2532 1871 2613 ignia,
2420 2549 2487 2599 20

393 2617 490 2681 Ut
512 2619 699 2681 mavis
728 2618 1028 2680 imitare-’⁹
1121 2618 1351 2680 Beatus
1381 2617 1649 2680 Fannius
1678 2618 1837 2680 ultro
2249 2626 2253 2631 '

393 2702 632 2768 Delatis
664 2704 858 2786 capsis
889 2712 953 2766 et
980 2704 1282 2786 imagine;
1329 2724 1467 2766 cum
1498 2723 1634 2766 mea
1660 2723 1836 2765 nemo

399 2787 641 2872 Scripta
669 2791 835 2871 legat
868 2790 1045 2871 vulgo
1075 2790 1331 2852 recitare
1364 2789 1627 2851 timentis
1657 2788 1916 2851 ob·hanc
1946 2809 2099 2868 rem,

397 2873 573 2948 Quod
604 2883 745 2937 sunt
774 2895 1145 2957 quos-genus
1175 2875 1286 2937 hoc
1319 2876 1558 2936 minime
1579 2875 1780 2958 juvat,
1811 2880 2020 2956 utpote
2049 2875 2255 2958 plures

395 2958 648 3043 Culpari
676 2960 906 3042 dignos·
999 2958 1284 3033 Quemvis
1315 2961 1516 3023 media
1546 2980 1690 3022 erue
1722 2960 1935 3022 turba:
2181 2994 2200 3011 ·
2420 2977 2487 3028 25

393 3045 530 3109 Aut
557 3046 631 3108 ob
662 3045 972 3107 avaritiam
1004 3052 1109 3108 aut
1137 3046 1358 3108 misera
1387 3045 1709 3108 ambitione
1739 3045 1994 3108 laborat.

393 3130 518 3193 Hic
549 3138 869 3214 nuptarum
899 3131 1121 3192 insanit
1149 3131 1471 3208 amoribus,
1501 3131 1597 3193 hic
1631 3151 1951 3214 puerorum
1979 3150 1997 3207 ;

393 3215 579 3279 Hunc
610 3216 774 3299 capit
802 3216 1038 3298 argenti
1069 3217 1384 3299 splendor;
1430 3223 1636 3298 stupet
1666 3217 1883 3279 Albius
1912 3235 2095 3294 aere3

393 3299 516 3364 Hic
547 3309 741 3364 mutat
769 3322 1000 3364 merces
1030 3313 1317 3385 surgente
1348 3324 1384 3366 a
1413 3304 1535 3365 sole
1569 3300 1647 3365 ad
1680 3322 1816 3364 eum
1848 3322 1968 3385 quo

392 3386 762 3470 Vespertina
792 3393 959 3470 tepet
988 3388 1176 3470 regio,
1208 3389 1353 3470 quin
1384 3410 1494 3471 per
1524 3387 1680 3450 mala
1703 3407 1993 3470 praeceps
2422 3404 2486 3454 30

391 3471 616 3535 Fertur
643 3474 733 3535 uti
764 3474 957 3557 pulvis
989 3475 1274 3536 collectus
1306 3475 1568 3551 turbine,
1600 3493 1675 3534 ne
1707 3470 1853 3555 quid

398 3556 646 3621 Summa
677 3558 971 3640 deperdat
1003 3567 1276 3620 metuens
1307 3569 1414 3620 aut
1443 3558 1693 3642 ampliet
1720 3564 1792 3620 ut
1820 3577 1967 3619 rem.

395 3641 620 3706 Omnes
650 3644 712 3706 hi
742 3652 1020 3726 metuunt
1055 3665 1286 3719 vex-sua,
1319 3643 1502 3706 odere
1534 3646 1759 3726 poetas.

390 3732 433 3766 ‘⁴
455 3728 724 3791 Poenum
755 3730 936 3791 habet
966 3729 1027 3790 in
1059 3748 1280 3804 cornu;
1325 3729 1503 3811 longe
1531 3730 1715 3811 fuge:
1764 3724 2088 3789 dummodo
2125 3724 2313 3790 risum

392 3812 683 3877 Excutiat
711 3815 824 3877 sibi
855 3836 971 3875 non
1003 3813 1099 3875 hic
1132 3815 1413 3896 cuiquam
1446 3822 1656 3896 parcet
1686 3813 1919 3888 amico;
2419 3829 2484 3879 35

391 3898 476 3962 Et
505 3899 664 3981 quod
697 3920 933 3982 cunque
965 3899 1150 3961 semel
1182 3899 1407 3962 chartis
1436 3899 1695 3962 illeverit
1724 3917 1931 3960 omnes

392 3983 634 4048 Gestiet
660 4005 700 4047 a
727 3985 906 4047 furno
937 3984 1262 4047 redeuntes
1292 3984 1445 4047 scire
1476 3984 1734 4068 lacuque

390 4068 476 4132 Et
500 4091 718 4153 pueros
750 4080 813 4132 et
842 4070 1062 4133 anus.’'
1153 4069 1464 4152 Agedum,
1495 4092 1692 4152 pauca
1720 4067 1928 4151 accipe
1960 4072 2189 4131 contra.

390 4155 659 4219 Primum
691 4177 804 4239 ego
835 4178 930 4218 me
960 4156 1196 4219 illorum
1228 4155 1500 4219 dederim
1532 4155 1747 4239 quibus
1777 4175 1910 4218 esse
1941 4153 2107 4237 poelti

391 4240 730 4324 Excerpam
760 4264 1008 4304 numcro
1035 4265 1049 4303 τ
1098 4263 1296 4325 neque
1329 4242 1489 4304 enim
1528 4241 1888 4304 concludere
1919 4259 2162 4303 versum
2417 4254 2483 4304 4ο

389 4325 631 4390 Dixeris
663 4349 792 4390 esse
824 4328 1009 4403 satis3
1055 4348 1251 4409 neque
1282 4328 1333 4390 si
1363 4328 1467 4410 qui
1497 4328 1723 4391 scribat
1751 4327 1841 4389 uti
1870 4346 1980 4389 nos

394 4410 665 4475 Sermoni
696 4414 1007 4496 propiora:
1060 4421 1236 4495 putes
1265 4414 1425 4475 hunc
1458 4434 1587 4476 esse
1619 4416 1878 4496 poetam.

388 4496 709 4580 Ingenium
740 4500 839 4561 cui
869 4499 968 4576 sit,
1001 4499 1098 4561 cui
1128 4518 1296 4560 mens
1328 4498 1580 4560 divinior
1611 4506 1794 4581 atque
1825 4518 1889 4559 os

388 4581 621 4665 Magna
649 4592 1018 4661 sonaturum,
1052 4583 1158 4645 des
1188 4583 1440 4645 nominis
1471 4583 1648 4667 hujus
1678 4583 1981 4646 honorem.

389 4665 628 4732 Idcirco
660 4669 902 4752 quidam
934 4669 1244 4732 comoedia
1274 4689 1466 4731 necne
1496 4673 1713 4751 poema
2418 4678 2481 4728 45

391 4752 574 4817 Esset
602 4755 977 4837 quaesivere,
1008 4753 1170 4837 quod
1201 4774 1344 4817 acer
1372 4754 1615 4837 spiritus
1646 4775 1718 4817 ac
1749 4754 1839 4817 vis

390 4837 530 4903 Nec
559 4840 757 4903 verbis
785 4860 898 4903 nec
929 4839 1110 4902 rebus
1139 4839 1320 4916 inest,
1349 4839 1465 4902 nisi
1496 4839 1657 4921 quod
1686 4839 1841 4923 pede
1868 4844 2035 4902 certo

390 4921 614 4991 Differt
640 4925 898 4990 sermoni
927 4945 1123 4989 sermo
1152 4945 1372 4989 merus.
1462 4925 1557 4989 At
1584 4933 1760 5011 pater
1786 4925 2007 4990 ardens
