2900 6042
925 1902 1003 1981 Q.
1050 1905 1427 1974 HORATII
1484 1909 1803 1978 FLAOCI

781 2146 1954 2248 CARMINUM

1054 2403 1280 2460 LIBER
1324 2406 1675 2465 TERTIUS.
1752 2491 1759 2498 υ

1203 2633 1515 2681 ...Φ-.-

1065 2828 1533 2897 ΟΑΒΜΕΝ
1588 2829 1664 2898 Ι.

660 3001 793 3070 ΟΜ
821 3001 1138 3087 profanum
1166 3002 1386 3085 vulgus
1416 3009 1480 3069 et
1508 3022 1724 3082 Μῦθος

653 3091 886 3157 Favete
915 3089 1137 3171 linguis
1152 3105 1178 3151 τ
1227 3090 1494 3153 carmina
1521 3111 1640 3154 non
1670 3089 1837 3177 prius

740 3174 978 3243 Audita
1005 3173 1321 3238 Musarum
1348 3175 1628 3240 sacerdos

829 3260 1184 3342 Virginibus
1214 3262 1536 3347 puerisque
1567 3268 1765 3327 canto.

655 3347 900 3432 Regum
929 3346 1324 3409 timendorum
1354 3349 1417 3411 in
1446 3348 1715 3432 proprios
1744 3370 1988 3435 greges,

658 3435 864 3517 Reges
892 3433 956 3496 in
983 3432 1141 3515 ipsos
1170 3432 1485 3516 imperium
1510 3441 1603 3497 est
1623 3433 1668 3498 J
1670 3436 1797 3500 ovis

743 3519 907 3584 Clari
938 3517 1238 3601 Giganteo
1270 3520 1591 3603 triumph0‚

829 3604 1066 3668 Cuncta
1093 3606 1411 3687 supercilio
1439 3603 1755 3669 moventis.

663 3689 781 3755 Est
808 3698 878 3753 ut
907 3690 1034 3753 viro
1062 3689 1155 3752 vir
1183 3691 1362 3753 latius
1391 3691 1629 3753 ordinet

655 3776 932 3841 Arbusta
959 3775 1162 3853 sulcis,
1190 3775 1287 3838 hio
1322 3775 1667 3859 generosior

742 3860 1096 3926 Descendat
1121 3861 1185 3923 in
1216 3859 1510 3944 Campum
1539 3861 1782 3945 petitor,

828 3946 1102 4009 Moribus
1129 3946 1226 4009 hic
1256 3947 1583 4030 meliorque
1613 3947 1776 4011 fama

658 4033 1022 4111 Contendass,
1052 4032 1136 4095 illi
1167 4033 1345 4096 turba
1373 4033 1681 4096 clientium

660 4119 757 4187 Sit
782 4119 1006 4203 major:
1056 4138 1252 4201 aequa
1281 4118 1417 4202 lege
1448 4117 1802 4183 Necessitas

742 4205 1006 4272 Sortitur
1032 4204 1296 4288 insignes
1325 4212 1390 4268 et
1427 4205 1575 4268 imos
1598 4224 1617 4282 ;

827 4289 1020 4355 Omne
1054 4310 1244 4374 capax
1273 4297 1475 4354 movet
1503 4311 1657 4354 urna
1683 4311 1922 4355 nomen.

651 4376 984 4443 Distriotus
1025 4377 1183 4439 ensis
1215 4378 1310 4440 cui
1341 4398 1524 4460 super
1551 4377 1733 4460 impia

654 4462 908 4528 Cervioe
939 4462 1165 4547 pendet
1214 4484 1333 4525 non
1368 4461 1607 4525 Siculae
1639 4463 1827 4545 dapes
1906 4478 1912 4483 ·

744 4548 1003 4612 Dulcem
1033 4547 1424 4610 elaborabunt
1453 4567 1749 4630 saporem,

827 4634 968 4699 Non
1000 4633 1198 4695 avium
1228 4633 1616 4716 citharaeque
1649 4638 1864 4695 cantus

660 4718 946 4785 Somnum
975 4717 1287 4781 reducent.
1382 4715 1639 4782 Somnus
1669 4716 1998 4800 agrestium

654 4804 839 4871 Lenis
867 4806 1129 4868 virorum
1159 4825 1276 4867 non
1306 4804 1560 4867 humiles
1589 4802 1794 4866 domos

740 4891 1001 4956 Fastidit
1051 4891 1509 4973 umbrosamque
1540 4889 1754 4973 ripam,

827 4977 892 5042 N
894 4999 971 5041 on
1000 4977 1292 5062 Zephyris
1321 4977 1553 5060 agitata
1581 4975 1828 5059 Tempe.

2341 3805 2405 3855 10
