2900 6042
995 1509 1128 1556 m.
1175 1509 1225 1555 1.
1273 1509 1471 1555 canu.
1517 1509 1764 1556 xxvm.
2345 1492 2428 1558 28

769 1661 912 1726 Non
940 1662 1365 1727 erubescendis
1395 1662 1599 1726 adurit
2365 1684 2426 1732 15

858 1748 1109 1830 Ignibus
1161 1749 1542 1832 ingenuoque
1574 1769 1812 1832 semper

683 1833 910 1896 Amore
941 1855 1178 1918 peccas.
1272 1833 1579 1917 Quidquid
1609 1835 1795 1897 habes
1848 1853 1964 1918 age

688 1919 782 1982 De
862 1941 939 1981 ne
974 1921 1117 1982 tutis
1149 1921 1411 1982 auribus,
1503 1921 1607 1982 Ah
1638 1920 1841 1999 miser,

642 2009 649 2015 “
774 1940 1016 2077 &anta
1043 2005 1355 2067 laborabas
1387 2005 1717 2088 Charybdi,

856 2090 1057 2172 Digne
1091 2113 1242 2174 puer
1272 2091 1514 2153 meliore
1546 2089 1813 2155 flamma!
2359 2107 2424 2158 20

687 2172 859 2246 Quae
889 2196 1058 2258 saga,
1090 2177 1224 2258 quis
1254 2183 1315 2239 te
1346 2177 1578 2240 solvere
1610 2176 1912 2239 Thessalis

681 2259 906 2341 Magus
936 2263 1202 2340 venenis,
1233 2262 1367 2344 quis
1398 2263 1617 2344 poterit
1650 2259 1846 2325 deus?

766 2343 891 2409 Vix
919 2346 1213 2429 illigatum
1247 2355 1308 2409 te
1339 2347 1591 2410 triformi

855 2430 1128 2514 Pegasus
1159 2432 1438 2516 expediet
1470 2430 1808 2496 Chimaera.

913 2854 1370 2955 caRMEN
1428 2854 1851 2921 XXVIII.

410 3271 425 3285 .
512 3196 606 3262 ΤΕ
634 3197 815 3261 maris
845 3203 909 3261 et
938 3203 1135 3261 terrae
1162 3218 1532 3280 numeroque
1563 3197 1823 3261 carentis
1852 3217 2073 3263 arenae

596 3282 941 3347 Mensorem
969 3284 1269 3362 cohibent,
1299 3282 1602 3367 Archyta,
1846 3311 1856 3321 ·

515 3366 790 3431 Pulveris
821 3368 1022 3451 exigui
1051 3390 1235 3452 prope
1275 3369 1421 3431 litus
1475 3388 1663 3450 parva
1691 3367 1990 3433 Matinum

596 3452 880 3532 Munera,
908 3473 1022 3516 nec
1053 3455 1378 3537 quidquam
1408 3453 1514 3516 tibi
1546 3452 1791 3537 prodest

510 3536 733 3602 Ae‘rias
761 3545 1024 3601 tentasse
1056 3539 1283 3617 domOS,
1314 3540 1628 3621 animoque
1659 3537 1983 3602 rotundum
2380 3558 2419 3608 ο

595 3622 974 3687 Percurrisse
1006 3624 1205 3707 polum
1254 3625 1561 3687 morituro.

513 3706 756 3772 Occidit
783 3715 848 3772 et
875 3708 1113 3792 Pelopis
1144 3710 1401 3791 genitor,
1432 3708 1685 3771 conviva
1719 3707 1990 3788 deorum,

595 3793 1006 3876 Tithonusque
1035 3802 1296 3855 remotus
1325 3795 1388 3856 in
1417 3814 1596 3855 auras

510 3875 598 3943 Et
622 3877 668 3942 J
669 3878 796 3942 ovis
825 3877 1060 3940 arcanis
1089 3877 1287 3940 Minos
1319 3878 1632 3956 admissus,
1661 3876 2004 3961 habentque

596 3963 854 4027 Tartara
883 3962 1260 4026 Panthoiden
1313 3960 1534 4025 iterum
1565 3960 1725 4026 Orco
2354 3983 2417 4033 10

508 4047 875 4127 Demissum,
905 4049 1179 4131 quamvis
1231 4047 1429 4133 clipeo
1476 4047 1735 4132 Trojana
1761 4047 1947 4111 refixo
2011 4122 2022 4127 ,

594 4134 890 4217 Tempora
919 4141 1175 4197 testatus
1204 4134 1372 4197 mihil
1401 4135 1564 4197 ultra

441 4287 447 4292 ,
507 4218 573 4284 N
574 4241 746 4284 ervos
777 4227 959 4302 atque
991 4226 1191 4283 cutem
1231 4219 1404 4283 mo'rti
1435 4223 1815 4283 concesserat
1842 4223 2041 4301 atrae,

591 4305 637 4370 J
638 4306 813 4369 udice
844 4314 906 4369 te
936 4327 1054 4368 non
1087 4305 1362 4369 sordidus
1394 4314 1603 4369 auctor

510 4389 788 4456 Naturae
818 4392 1084 4474 verique.
1179 4390 1301 4455 Sed
1331 4412 1535 4454 omnes
1564 4410 1687 4453 una
1714 4395 1917 4453 manet
1944 4408 2062 4451 nox
2354 4409 2416 4457 15

594 4475 679 4539 Et
710 4478 999 4541 calcanda
1026 4477 1208 4540 semel
1239 4477 1338 4539 via
1364 4477 1470 4539 leti
1504 4495 1519 4537 ε

510 4560 679 4625 Dant
708 4563 853 4626 alios
876 4562 1095 4626 Furiae
1129 4567 1295 4625 torvo
1324 4561 1671 4644 spectacula
1697 4559 1886 4622 Marti
1909 4578 1928 4638 ;

592 4646 795 4711 Exitio
823 4654 916 4711 est
948 4646 1189 4710 avidum
1215 4667 1381 4709 mare
1411 4646 1650 4721 nautis;
1801 4702 1815 4716 ‚

508 4730 708 4797 Mixta
735 4755 946 4797 senum
975 4752 1046 4796 ac
1066 4733 1360 4816 juvenum
1390 4732 1719 4794 densentur
1752 4727 1989 4810 funera,
2016 4728 2247 4793 nullum

598 4817 797 4883 Saeva
824 4825 1010 4903 caput
1037 4817 1399 4900 Proserpina
1427 4815 1606 4898 fugit.
2352 4832 2416 4883 20

508 4901 617 4967 Me
650 4924 888 4987 quoque
920 4903 1134 4968 devexi
1163 4901 1405 4985 rapidus
1437 4922 1637 4965 comes
1667 4897 1905 4966 Orionis

593 4987 854 5074 Illyricis
882 4988 1081 5054 Notus
1110 4988 1307 5052 obruit
1335 4987 1532 5051 undis.
