2900 6042
1176 1426 1366 1476 cm.
1411 1429 1507 1478 x1.
2259 1415 2388 1481 115

649 1578 807 1645 Cum
847 1575 1056 1642 Pallas
1093 1584 1229 1643 usto
1257 1577 1443 1643 vertit
1469 1577 1621 1642 iram
1648 1579 1725 1644 ab
1754 1578 1869 1645 Ilio

726 1664 1073 1748 Inimpiam
1102 1663 1312 1749 Ajacis
1340 1663 1573 1730 ratem!

643 1749 698 1815 Ο
732 1758 991 1833 quantus
1022 1751 1207 1813 instat
1234 1750 1450 1813 navitis
1480 1749 1663 1814 sudor
1691 1749 1835 1830 tuis,
2310 1771 2368 1820 15

723 1835 975 1919 'sibique
1006 1836 1196 1920 pallor
1221 1836 1422 1899 luteus
2208 1838 2216 1845 ’

639 1919 721 1983 Et
749 1921 851 1984 illa
879 1942 997 1984 non
1026 1921 1211 1983 virilis
1240 1921 1485 2004 ejulatio

725 2006 950 2069 Preces
980 2010 1044 2069 et
1072 2007 1349 2069 aversum
1378 2005 1456 2069 ad
1485 2005 1529 2069 J
1531 2025 1726 2085 ovem,

633 2091 840 2154 Ionius
883 2090 1006 2154 udo
1048 2110 1188 2154 cum
1229 2091 1572 2173 remugiens
1600 2091 1764 2155 sinus

722 2176 886 2241 Noto
914 2177 1179 2240 carinam
1210 2175 1480 2260 ruperit!
2303 2197 2369 2244 ao

641 2260 858 2346 Opima
898 2261 1112 2345 quodsi
1155 2263 1382 2345 praeda
1408 2282 1593 2324 curvo
1622 2261 1795 2325 litore

723 2347 1004 2431 Projecta
1029 2367 1268 2428 mergos
1287 2347 1543 2430 juveriS,

636 2431 1012 2497 Libidinosus
1039 2432 1436 2495 immolabitur
1465 2451 1647 2516 caper

722 2516 808 2581 Et
835 2537 995 2601 agna
1021 2516 1521 2601 Tempestatibus.

998 2943 1455 3012 GARMEN
1512 2943 1673 3010 XI.

545 3289 769 3366 Pam,
798 3288 942 3352 nihil
971 3309 1067 3352 me
1119 3287 1276 3352 sicut
1305 3294 1485 3352 antea
1525 3288 1705 3373 juvat

636 3373 915 3438 Scribere
947 3375 1269 3439 versiculos
1297 3395 1499 3438 amore
1530 3395 1879 3458 percussum
1907 3375 2102 3461 gravi,

542 3459 771 3525 Amore
825 3461 927 3544 qui
955 3482 1051 3524 me
1082 3468 1325 3544 praeter
1352 3481 1558 3523 omnes
1586 3462 1814 3544 expetit

629 3545 908 3609 Mollibus
938 3546 1002 3607 in
1029 3546 1229 3629 pueris
1260 3554 1367 3608 aut
1394 3547 1456 3607 in
1485 3546 1704 3628 puellis
1728 3567 1925 3610 urere.

544 3629 668 3695 Hic
697 3631 911 3693 tertius
939 3629 1300 3708 December,
1333 3652 1407 3693 ex
1430 3652 1549 3713 quo
1580 3630 1783 3694 destiti
2329 3653 2361 3702 5

628 3716 879 3779 Inachia
893 3716 1131 3792 furere,
1160 3716 1322 3778 silvis
1349 3716 1634 3779 honorem
1662 3716 1913 3779 decutit.
2441 3719 2450 3726 '

541 3800 689 3866 Heu
744 3821 867 3878 me,
896 3820 1006 3883 per
1036 3796 1272 3862 Urbem
1298 3833 1386 3845 —
1414 3819 1557 3862 nam
1587 3797 1777 3882 pudet
1805 3791 1963 3860 tanti
1990 3793 2134 3859 mali
2152 3827 2244 3840 —

629 3885 860 3949 Fabula
888 3893 1115 3968 quanta
1135 3884 1259 3949 fui!
1332 3885 1756 3950 Conviviorum
1786 3890 1851 3948 et
1879 3882 2152 3969 poenitet
2175 3902 2193 3960 ;

539 3970 618 4035 In
648 3970 781 4054 quis
809 3977 1109 4033 amantem
1138 3977 1201 4033 et
1229 3971 1482 4053 languor
1512 3979 1575 4034 et
1602 3972 1902 4035 silentium

626 4056 855 4139 Arguit
905 4062 969 4119 et
995 4057 1187 4119 latere
1219 4056 1439 4139 petitus
1469 4056 1585 4120 imo
1613 4056 1874 4140 spiritus.
2299 4078 2360 4126 10

543 4141 845 4208 Contrane
887 4142 1122 4205 lucrum
1143 4142 1228 4204 nil
1261 4143 1457 4205 valere
1488 4142 1809 4206 candidum

626 4227 920 4312 Pauperis
949 4226 1306 4311 ingenium?
1352 4229 1650 4311 querebar
1679 4230 1996 4314 applorans
2025 4227 2159 4310 tibi,

540 4311 730 4379 Simul
760 4314 1010 4376 calentis
1041 4314 1482 4377 inverecundus
1513 4315 1661 4377 deus

627 4398 974 4462 Fervidiore
1005 4420 1169 4462 mero
1199 4419 1420 4461 arcana
1449 4405 1750 4482 promorat
1775 4398 1928 4461 loc0.

541 4482 767 4558 Quodsi
794 4484 942 4548 meis
971 4485 1272 4547 inaestuat
1300 4485 1666 4566 praecordiis
1701 4549 1721 4564 ‚
2300 4503 2361 4552 15

628 4567 850 4632 Libera
874 4569 1031 4648 bilis,
1061 4577 1132 4630 ut
1158 4569 1309 4631 haec
1339 4568 1579 4650 ingrata
1606 4567 1802 4632 ventis
1831 4566 2063 4632 dividat

536 4653 830 4719 Fomenta
881 4655 1096 4718 vulnus
1125 4654 1208 4716 nil
1237 4654 1458 4716 malum
1487 4654 1769 4732 levantia,

626 4739 882 4803 Desinet
911 4739 1236 4823 imparibus
1265 4746 1499 4801 certare
1530 4745 1857 4802 summotus
1886 4737 2099 4822 pudor.

545 4821 672 4889 Ubi
702 4826 852 4888 haec
883 4845 1129 4887 severus
1159 4831 1219 4886 te
1251 4824 1448 4906 palam
1477 4824 1887 4902 laudaveram,

625 4908 671 4974 J
671 4931 845 4975 ussus
877 4909 1041 4975 abire
1072 4909 1310 4974 domum
1362 4909 1604 4974 ferebar
1630 4910 1859 4974 incerto
1887 4909 2043 4994 pede
2294 4931 2357 4979 20
