2900 6042
496 1352 622 1422 186
1312 1374 1755 1422 EPISTOL.»¹.R*.·M

494 1526 630 1603 Quo
659 1527 844 1593 semel
874 1534 968 1593 est
994 1527 1224 1592 imbuta
1252 1525 1466 1592 recens
1518 1528 1782 1592 servabit
1811 1527 2052 1592 odorem

491 1613 679 1679 'l'esta
706 1613 831 1678 diu.
922 1613 1147 1688 Quodsi
1178 1634 1377 1678 cessas
1408 1622 1514 1678 aut
1542 1622 1823 1677 strenuus
1852 1613 2069 1701 anteis,

491 1698 629 1765 Nec
665 1699 904 1764 tardum
940 1700 1214 1784 opperior
1241 1720 1353 1764 nec
1382 1700 1883 1786 praecedentibus
1910 1699 2089 1764 insto.

1085 2125 1667 2194 EPISTOLA
1780 2127 1974 2195 111.

489 2304 536 2371 J
538 2319 648 2367 ΠΗ
674 2300 915 2381 FLORE,
944 2298 1157 2386 quibus
1187 2298 1484 2364 terrarum
1514 2299 1731 2363 militet
1757 2301 1875 2365 oris

494 2388 784 2456 Claudius
812 2387 1080 2470 Augusti
1108 2387 1440 2471 privignus,
1471 2385 1626 2450 scire
1658 2386 1880 2450 laboro.

493 2473 809 2540 Thracane
840 2492 946 2536 vos
974 2471 1339 2557 Hebrusque
1370 2471 1552 2534 nivali
1581 2472 1868 2555 compede
1898 2470 2158 2553 vinctus,

492 2557 599 2623 An
626 2560 786 2623 freta
812 2558 1039 2622 vicinas
1068 2558 1226 2621 inter
1253 2556 1560 2621 currentia
1587 2563 1809 2637 turres,

489 2644 597 2709 An
665 2645 879 2728 ingues
908 2643 1095 2707 Asiae
1125 2643 1319 2727 campi
1350 2644 1650 2726 collesque
1685 2642 2047 2708 morantur?
2073 2673 2079 2680 ·
2296 2685 2302 2691 -

492 2729 611 2804 Qui
684 2730 950 2794 studiosa
978 2729 1186 2792 cohors
1215 2749 1464 2812 operum
1493 2727 1716 2791 struit?
1741 2728 1874 2792 Hoc
1904 2750 2143 2816 quoque
2186 2751 2352 2797 curo.

493 2814 642 2889 Quis
671 2815 781 2879 sibi
810 2836 908 2878 res
938 2822 1139 2898 gestas
1170 2814 1437 2898 Augusti
1466 2814 1728 2878 scribere
1758 2815 1984 2880 sumit?

489 2899 669 2964 Bella
697 2901 829 2983 quis
860 2907 923 2963 et
952 2921 1131 2983 paces
1159 2901 1404 2982 longum
1434 2899 1710 2963 diffundit
1735 2899 1798 2962 in
1832 2900 2095 2967 aevum?

493 2984 655 3059 Quid
685 2986 879 3049 Titius
910 2987 1181 3049 Romana
1207 2986 1376 3048 brevi
1407 2985 1776 3048 venturus·in
1804 3007 1911 3049 ora
1936 2985 1964 3050 ’ἰ

491 3070 798 3135 Pindarici
827 3071 1004 3134 fontis
1035 3071 1139 3154 qui
1171 3091 1290 3134 non
1320 3071 1607 3156 expalluit
1631 3070 1903 3151 haustus,

491 3156 791 3221 Fastidire
821 3156 987 3219 lacus
1017 3164 1080 3220 et
1107 3156 1266 3220 rivos
1295 3177 1475 3219 ausus
1505 3154 1794 3239 apertos?

493 3240 589 3306 Ut
617 3238 828 3306 valet?
865 3250 935 3305 ut
961 3239 1230 3306 meminit
1256 3242 1443 3305 nostri
1469 3239 1495 3303 ’ἒ
1581 3240 1907 3305 Fidibusne
1952 3241 2183 3309 Latinis

492 3327 808 3392 Thebanos
839 3334 1046 3412 aptare
1076 3328 1280 3390 modos
1311 3326 1517 3391 studet
1545 3327 1787 3410 auspice
1822 3326 2026 3410 Musa,

491 3413 601 3478 An
630 3413 864 3496 tragica
894 3413 1164 3476 desaevit
1196 3420 1259 3476 et
1288 3412 1649 3496 ampullatur
1674 3412 1739 3475 in
1768 3419 1897 3476 arte
1923 3412 1950 3476 ’ἒ

494 3497 654 3572 Quid
681 3499 822 3562 mihi
872 3497 1081 3562 Celsus
1111 3499 1239 3582 agit
1267 3496 1294 3562 ’ἐ
1337 3499 1597 3563 monitus
1627 3500 2006 3583 multumque
2036 3499 2371 3565 monendus

493 3583 773 3649 Privatas
801 3591 872 3647 ut
900 3592 1153 3668 quaerat
1179 3604 1341 3668 opes,
1354 3593 1418 3647 et
1445 3591 1696 3667 tangere
1730 3584 1881 3647 vitet

497 3667 738 3755 Scripta
789 3670 1100 3733 Palatinus
1128 3690 1526 3755 quaecunque
1573 3671 1803 3754 recepit
1832 3670 2071 3757 Apollo,

492 3754 559 3821 N
562 3778 596 3819 e
648 3756 700 3819 si
728 3756 882 3819 forte
913 3777 1051 3819 suas
1080 3757 1403 3839 repetitum
1425 3755 1659 3818 venerit
1688 3756 1826 3819 olim

495 3841 662 3906 Grex
692 3842 889 3904 avium
919 3843 1150 3925 plumas
1202 3848 1439 3904 moveat
1468 3840 1772 3904 cornicula
1800 3841 1983 3905 risum

492 3926 757 3991 Furtivis
787 3926 1011 3990 nudata
1041 3927 1332 3990 coloribus
1358 3925 1384 3988 ’.Ρ
1473 3925 1614 4009 Ipse
1649 3927 1795 4009 quid
1825 3923 2059 3991 audes?

495 4010 665 4085 Quae
696 4012 1134 4075 circumvolitas
1179 4012 1350 4095 agilis
1379 4010 1639 4095 thyma?
1728 4012 1871 4075 Non
1901 4013 2008 4076 tibi
2038 4032 2290 4098 parvum

492 4097 835 4180 Ingenium,
863 4119 982 4161 non
1012 4098 1300 4160 incultum
1331 4103 1423 4159 est
1454 4104 1516 4159 ct
1546 4097 1801 4180 turpiter
1831 4098 2072 4164 hirtum.

497 4181 621 4245 Seu
651 4183 914 4265 linguam
945 4183 1171 4246 caussis
1200 4183 1364 4245 acuis
1394 4203 1502 4245 seu
1532 4183 1723 4246 civica
1741 4184 1885 4267 jura

493 4267 880 4351 Respondete
913 4289 1089 4350 paras
1118 4290 1225 4331 seu
1255 4267 1460 4330 condis
1491 4268 1741 4331 amabile
1773 4290 2038 4348 carmen,

492 4351 697 4416 Prima
725 4354 883 4417 feres
911 4354 1172 4416 hederae
1203 4354 1464 4417 victricis
1494 4356 1778 4437 praemia.
1871 4354 2100 4430 Quodsi

490 4437 739 4522 Frigida
769 4460 1049 4502 curarum
1079 4439 1344 4502 fomenta
1371 4439 1709 4522 relinquere
1739 4462 1945 4524 posses

492 4522 626 4596 Quo
657 4533 716 4588 te
752 4526 1024 4588 caelestis
1054 4525 1346 4608 sapientia
1375 4524 1628 4588 duceret
1680 4526 1820 4589 ires.

491 4608 630 4675 Hoc
661 4631 831 4694 opus,
861 4611 972 4673 hoc
1004 4611 1261 4673 studium
1296 4611 1463 4693 parvi
1495 4632 1880 4694 properemus
1910 4619 1974 4675 et
2001 4610 2183 4697 ampli

495 4693 561 4758 Si
592 4696 819 4778 patriae
852 4697 1143 4775 volumus,
1174 4697 1223 4758 si
1253 4696 1420 4758 nobis
1449 4697 1652 4760 vivero
1683 4698 1828 4761 cari.

492 4779 698 4844 Debes
727 4781 840 4844 hoc
871 4782 1050 4843 etiam
1082 4782 1436 4860 rescribere,
1480 4783 1530 4845 si
1574 4783 1679 4845 tibi
1711 4804 1892 4846 curae

493 4864 769 4942 Quantae
801 4866 1117 4931 conveniat
1141 4865 1484 4939 Munatium
1532 4889 1609 4931 an
1638 4870 1792 4932 male
1822 4875 1990 4933 sarta

2509 3094 2570 3145 10

2506 3521 2569 3570 15
