2900 6042
1147 1500 1313 1546 nm.
1359 1499 1408 1546 1.
1458 1499 1656 1546 cm.
1705 1501 1828 1547 vn.
2501 1484 2543 1554 7

803 1652 1045 1718 Laudes
1075 1653 1306 1737 egregii
1336 1651 1614 1717 Caesaris
1644 1660 1708 1719 et
1736 1660 1871 1719 tuas

885 1739 1079 1821 Culpa
1108 1740 1384 1802 deterere
1413 1740 1640 1822 ingeni.

805 1822 954 1897 Quis
988 1824 1252 1888 Martem
1281 1825 1486 1889 tunica
1514 1832 1742 1889 tectum
1772 1825 2157 1892 adamantina

798 1909 1000 1993 Digne
1033 1910 1339 1992 scripserit
1366 1917 1475 1975 aut
1506 1913 1756 1995 pulvere
1789 1911 2005 1978 Troico

796 1995 1057 2078 Nigrum
1089 1996 1403 2059 Merionen
1429 2006 1538 2061 aut
1567 2019 1680 2082 ope
1712 1997 1983 2065 Palladis
2476 2019 2538 2069 15

882 2082 1161 2165 Tydiden
1192 2083 1425 2166 superis
1457 2104 1662 2166 parem
1688 2082 1715 2146 ’ἓ

795 2164 927 2230 Nos
959 2167 1249 2247 convivia,
1280 2190 1388 2231 nos
1414 2169 1642 2253 proelia
1669 2168 1968 2252 virginum

797 2249 993 2316 Sectis
1022 2253 1086 2315 in
1105 2255 1364 2338 juvenes
1395 2255 1696 2338 unguibus
1726 2255 1956 2318 acrium

794 2335 1125 2419 Cantamus
1155 2340 1346 2418 vacui,
1361 2340 1488 2403 sive
1518 2340 1665 2424 quid
1696 2341 1928 2405 urimur

875 2422 939 2487 N
943 2446 1020 2488 on
1049 2432 1293 2510 praeter
1317 2426 1557 2490 solitum
1584 2428 1771 2491 leves.
2469 2445 2534 2494 20

1128 2828 1600 2918 GAR'MEN
1652 2852 1867 2921 v11.

604 3195 1008 3260 hunnum
1037 3194 1137 3257 alii
1167 3196 1392 3258 claram
1423 3195 1679 3259 Rhodon
1731 3202 1840 3261 aut
1866 3195 2211 3286 Mytilenen

674 3282 828 3345 Aut
855 3282 1140 3367 Epheson
1190 3281 1507 3345 bimarisve
1541 3280 1811 3345 Corinthi

604 3365 851 3432 Moenia
902 3368 1000 3432 vel
1031 3366 1274 3431 Baccho
1307 3366 1545 3430 Thebas
1596 3369 1694 3432 vel
1722 3366 2005 3453 Apolline
2035 3367 2306 3455 Delphos

690 3452 970 3538 Insignes
1024 3460 1132 3517 aut
1159 3453 1447 3517 Thessala
1477 3453 1723 3538 Tempe.

605 3536 764 3604 Sunt
816 3541 1032 3624 quibus
1061 3561 1247 3602 unum
1276 3560 1425 3622 opus
1459 3546 1553 3602 est
1581 3540 1843 3604 intactae
1874 3538 2141 3610 Palladis
2170 3535 2382 3606 urbem
2482 3557 2517 3608 δ

688 3624 966 3689 Carmine
999 3631 1290 3709 perpetuo
1323 3625 1630 3688 celebrare
1662 3633 1726 3689 et

598 3708 883 3795 Undique
914 3712 1262 3794 decerptam
1291 3710 1473 3773 fronti
1503 3732 1871 3794 praeponere
1899 3711 2137 3775 olivam.

684 3795 988 3860 Plurimus
1015 3798 1079 3860 in
1106 3796 1149 3859 J
1154 3797 1364 3858 unonis
1386 3796 1669 3859 honorem

599 3880 836 3966 Aptum
865 3882 1013 3945 dicit
1042 3882 1212 3965 equis
1241 3881 1445 3962 Argos
1500 3880 1773 3963 ditesque
1804 3879 2122 3966 Mycenas.

683 3967 790 4030 Me
821 3988 933 4031 nec
966 3975 1090 4030 tam
1119 3967 1353 4050 patiens
1383 3964 1804 4029 Lacedaemon
2452 3990 2514 4039 ιο

593 4050 732 4117 Nec
764 4061 888 4116 tam
920 4053 1195 4134 Larissae
1226 4052 1523 4136 percussit
1552 4071 1797 4137 campus
1826 4051 2082 4138 opimae,

683 4137 880 4212 Quam
909 4139 1118 4203 domus
1145 4138 1466 4201 Albuneae
1496 4139 1830 4202 resonantis

596 4222 681 4287 Et
708 4246 998 4309 praeceps
1027 4225 1189 4287 Anio
1240 4245 1312 4288 ac
1343 4224 1593 4287 Tiburni
1619 4226 1807 4311 lucus,
1844 4231 1909 4290 et
1935 4222 2059 4288 uda

678 4309 1001 4374 Mobilibus
1031 4311 1297 4395 pomaria
1324 4310 1488 4374 rivis.

591 4395 790 4460 Albus
821 4403 890 4459 ut
919 4398 1171 4460 obscuro
1203 4397 1483 4479 deterget
1510 4396 1715 4460 nubila
1743 4398 1911 4461 caelo
2444 4418 2508 4468 15

682 4480 878 4566 Saepe
908 4483 1110 4547 Notus
1161 4504 1358 4566 neque
1390 4484 1650 4566 parturit
1676 4483 1897 4548 imbres

593 4564 943 4670 Perpetu00
980 4569 1065 4632 sic
1095 4577 1164 4631 tu
1193 4569 1431 4652 sapiens
1460 4569 1631 4631 finire
1664 4573 1963 4632 memento

677 4652 1005 4717 Tristitiam
1036 4655 1314 4737 vitaeque
1346 4654 1580 4717 labores
1961 4709 1963 4713 .

589 4735 785 4817 Molli,
817 4740 1066 4815 Plance,
1093 4760 1281 4817 mero,
1311 4760 1420 4801 seu
1450 4745 1511 4801 te
1543 4740 1837 4821 fulgentia
1866 4737 2053 4821 signis

677 4824 895 4889 Castra
924 4833 1154 4903 tenent,
1185 4847 1293 4888 seu
1323 4824 1511 4887 densa
1540 4825 1768 4887 tenebit
1922 4849 1930 4857 ·
2434 4843 2500 4894 ω

573 4909 823 4975 Tiburis
853 4913 1066 4976 umbra
1095 4911 1201 4974 tui.
1291 4910 1529 4973 Teucer
1561 4908 1864 4976 Salamina
1892 4917 2244 4997 patremque

682 4997 837 5063 Cum
881 4997 1127 5083 fugeret
1173 5006 1377 5063 tamen
1414 4996 1539 5060 uda
1565 4995 1771 5083 Lyaeo
