2900 6042
482 1885 519 1965 Q.
557 1886 747 1954 HORA'HI
781 1886 942 1955 sunem

361 2124 1065 2215 SATIRARUM

479 2398 487 2413 ⁸
567 2397 682 2452 LIBER
704 2398 858 2456 PRIMUS.

637 2614 792 2660 ..4-

586 2822 777 2887 SATIRA
806 2824 840 2890 Ι.

193 3025 256 3100 QUI
270 3026 317 3104 fit,
332 3023 506 3101 Maecenas,
522 3029 557 3086 ut
572 3044 658 3086 nemo
674 3044 765 3106 quam
780 3023 837 3087 sibi
851 3032 962 3091 sortem

194 3112 256 3176 Seu
272 3112 347 3175 ratio
363 3111 481 3173 dederit
496 3132 550 3172 seu
565 3111 626 3173 fors
641 3110 787 3195 objecerit
801 3112 853 3174 illa

193 3197 359 3262 Contentus
375 3197 467 3273 vivat,
483 3196 587 3259 laudet
603 3196 722 3259 diverse
737 3195 926 3280 sequentes?

191 3289 213 3322 “
228 3282 255 3348 Ο
270 3283 415 3348 fortunati
431 3281 631 3348 mercatores!
643 3282 663 3312 ”
681 3284 783 3365 gravis
799 3283 885 3346 annis

191 3369 282 3434 Miles
297 3371 340 3433 eit
353 3369 447 3431 multo
457 3369 519 3451 jem
536 3368 650 3431 fractus
664 3370 799 3432 membre
814 3369 925 3433 labore.
1221 3394 1240 3446 ι

193 3454 306 3520 Contra
320 3464 480 3532 mercator,
496 3475 605 3517 navem
615 3455 801 3537 jactantibus
820 3454 966 3521 Austrist
1008 3491 1013 3501 ·

191 3547 213 3580 “
224 3541 335 3605 Militia
349 3547 396 3604 est
411 3541 516 3624 potior.
564 3538 645 3613 Quid
660 3540 751 3617 enim,
767 3541 972 3606 concurritur:
996 3541 1089 3610 horae

191 3627 347 3692 Memento
363 3627 424 3690 eita
438 3648 517 3689 mors
532 3627 615 3689 venit
630 3635 683 3689 ant
699 3627 826 3691 victoria
840 3628 953 3692 laete.”

191 3714 367 3797 Agricolam
381 3712 486 3776 laudat
496 3713 574 3796 juris
588 3714 750 3795 legumque
766 3714 892 3796 peritus,

194 3798 258 3863 Sub
274 3799 344 3882 galli
360 3806 482 3862 cnutum
498 3799 649 3862 consultor
664 3800 715 3861 ubi
730 3799 806 3863 ostia
822 3800 929 3882 pulsat
1210 3823 1238 3872 ιο

192 3884 250 3949 Ille
265 3885 344 3948 datis
359 3884 485 3947 vadibus
500 3885 552 3967 qui
567 3906 637 3947 rure
653 3892 808 3949 extractus
822 3885 854 3949 in
868 3887 974 3950 urbem
989 3892 1036 3950 est

195 3968 280 4035 Solos
294 3969 399 4033 felices
414 3969 550 4032 viventes
566 3971 676 4033 elamet
691 3971 722 4033 in
737 3971 824 4033 urbe.

194 4056 306 4120 Cetera
320 4055 357 4118 de
373 4076 485 4138 genere
501 4056 568 4132 hoc,
584 4057 659 4119 adeo
675 4065 746 4119 sunt
760 4057 867 4135 multa,
882 4058 1039 4141 loquacem

192 4141 355 4206 Delamare
373 4143 475 4205 valent
489 4141 625 4204 Fabium.
670 4143 720 4205 Ne
738 4151 767 4205 te
782 4164 893 4222 morer,
909 4143 980 4207 andi
1115 4212 1118 4218 ,

193 4226 260 4302 Quo
275 4248 340 4291 rem
355 4227 513 4291 deducam.
562 4225 595 4289 Si
611 4228 677 4311 quis
692 4228 788 4305 Deus,
804 4233 824 4264 “
837 4228 886 4292 Eu
901 4230 991 4311 ego‚”
1009 4230 1103 4312 dieat,

192 4319 214 4351 ‘⁴
227 4313 299 4378 Jam
314 4313 422 4377 faeiem
438 4313 518 4397 qnod
534 4314 644 4377 vultis:
669 4315 729 4377 eris
744 4321 789 4391 tu,
805 4316 857 4398 qui
872 4316 959 4378 modo
974 4317 1071 4398 miles,

192 4398 366 4476 Mercator3
390 4409 434 4479 tu,
450 4401 603 4462 consultus
619 4401 717 4479 modo,
733 4401 884 4464 rusticus:
907 4401 977 4466 hinc
993 4425 1057 4486 vos,

193 4484 259 4549 Vos
273 4485 343 4549 hine
358 4487 481 4549 mutatis
497 4485 642 4549 discedite
658 4487 812 4570 pertibus:
838 4486 913 4552 Eia!

194 4568 275 4644 Quid
289 4571 375 4634 statis
388 4570 401 4633 i
412 4571 433 4601 ’'
456 4572 560 4634 nolint.
605 4572 702 4655 Atqui
716 4573 789 4635 lieet
804 4594 869 4636 esse
885 4572 993 4637 beatis.

194 4653 275 4729 Quid
290 4676 399 4720 censae
415 4664 462 4719 est
475 4657 582 4719 merito
597 4657 670 4739 quin
685 4659 743 4721 illis
758 4658 781 4721 J
783 4660 902 4742 uppiter
917 4659 1020 4725 ambas
1176 4654 1178 4658 ’
1206 4681 1241 4734 m

194 4738 296 4804 Imtus
310 4741 421 4804 buccas
435 4742 530 4819 inflet,
544 4763 643 4824 neque
659 4764 692 4806 se
707 4744 772 4807 fore
789 4746 912 4827 posthae

194 4824 269 4891 Tam
283 4826 402 4891 facilem
417 4826 499 4889 dieat
514 4825 590 4890 votis
604 4834 640 4890 ut
653 4829 798 4913 praebeat
813 4830 944 4896 eurem?
