2900 6042
373 1309 461 1375 48

1242 1325 1590 1373 CAR-mmm

800 1478 896 1543 Tu
925 1477 1188 1541 secanda
1214 1500 1511 1542 marmora

719 1563 911 1628 Locas
941 1564 1051 1627 sub
1081 1564 1274 1648 ipsum
1302 1565 1507 1643 sunus,
1537 1571 1602 1628 et
1635 1564 1899 1650 sepulcri

804 1649 1126 1712 Immemor
1155 1650 1334 1713 struis
1367 1650 1570 1714 domos

714 1733 1026 1818 Marisque
1058 1735 1223 1799 Baiis
1254 1736 1652 1821 obstrepentis
1680 1756 1863 1819 urges

805 1819 1190 1883 Summovere
1231 1822 1429 1899 litora,

716 1905 940 1970 Parum
970 1906 1236 1990 locuples
1265 1908 1607 1971 continente
1636 1905 1789 1990 ripa.

805 1990 988 2070 Quid,
1019 1993 1179 2075 quod
1208 2014 1396 2075 usque
1428 1994 1725 2077 proximos

719 2077 987 2141 Revellis
1017 2078 1147 2159 agri
1177 2078 1460 2141 terminos
1515 2088 1580 2142 et
1606 2079 1767 2141 ultra

805 2162 1053 2225 Limites
1083 2163 1386 2226 clientium

720 2246 878 2313 Salis
907 2269 1123 2311 avarus
1150 2248 1175 2310 ?
1267 2249 1522 2312 Pellitur
1550 2254 1832 2333 paternos

805 2333 882 2397 In
908 2334 1044 2397 sinu
1074 2335 1274 2398 ferens
1305 2336 1448 2398 deos

716 2417 803 2483 Et
831 2441 982 2483 uxor
1011 2428 1074 2484 et
1104 2421 1194 2483 vir
1222 2420 1608 2505 sordidosque
1638 2424 1811 2483 natos
1834 2441 1851 2500 ;

802 2505 867 2570 N
869 2507 993 2571 ulla
1020 2507 1238 2570 certior
1268 2515 1470 2570 tamen

717 2589 981 2676 Rapacis
1012 2591 1156 2655 Orci
1184 2593 1302 2655 fine
1335 2592 1636 2655 destinata

802 2677 970 2741 Aula
998 2678 1243 2740 divitem
1271 2684 1477 2739 manet

718 2760 975 2824 Herum.
1067 2760 1227 2835 Quid
1256 2762 1417 2839 ultra
1445 2756 1694 2821 tendis?
1780 2754 2006 2840 Aequa
2032 2754 2211 2822 tellus

804 2845 1068 2929 Pauperi
1097 2845 1429 2908 recluditur

717 2929 813 2993 Re
899 2950 1077 3012 mque
1108 2930 1332 3014 pueris,
1359 2950 1476 2992 nec
1505 2927 1747 2992 satelles
1781 2925 1926 2992 Orci

859 3015 1103 3076 allidum
1132 3014 1495 3078 Promethea
1680 3061 1683 3064 -
1921 3024 1925 3028 ’

717 3098 980 3162 Revexit
1007 3120 1152 3164 auro
1181 3108 1413 3185 captuS.
1504 3098 1627 3163 Hic
1658 3098 1982 3183 superbum

736 3217 749 3227 ·
805 3184 1124 3249 Tantalum
1177 3193 1359 3270 atque
1390 3186 1630 3250 Tantali

717 3266 926 3333 Genus
956 3271 1238 3350 coercet3
1281 3273 1379 3336 hic
1409 3274 1613 3337 levare
1641 3271 1917 3335 functum

804 3354 1145 3441 Pauperem
1173 3359 1471 3423 laboribus

717 3439 990 3507 Vocatus
1021 3450 1204 3527 atque
1234 3467 1354 3508 non
1386 3449 1634 3510 vocatus
1664 3439 1854 3506 audit.

1033 3873 1490 3939 CARMEN
1547 3871 1780 3936 XIX.

717 4210 1039 4275 BAcchM
1068 4209 1132 4273 in
1160 4210 1402 4273 remotis
1433 4209 1699 4274 carmina
1727 4211 1976 4296 rupibus

718 4295 865 4364 Vidi
895 4296 1310 4360 docentem—
1331 4297 1563 4362 credite
1594 4297 1822 4383 posteri
1844 4331 1931 4344 -—-

803 4382 1241 4469 Nymphasque
1273 4382 1573 4447 discentes
1625 4390 1689 4447 et
1717 4404 1895 4447 aures

889 4468 1292 4555 Capripedum
1326 4468 1680 4554 Satyrorum
1702 4477 1933 4535 acutas.
1977 4502 1984 4510 ·

718 4554 912 4629 Enoc,
978 4556 1207 4620 recenti
1235 4578 1404 4620 mens
1433 4557 1697 4640 trepidat
1723 4563 1891 4620 metu

714 4639 1026 4727 Plenoque
1057 4642 1285 4705 Bacchi
1315 4652 1557 4728 pectore
1588 4642 1894 4705 turbidum

802 4724 1111 4792 Laetatur.
1163 4729 1357 4808 Enoc,
1404 4749 1588 4813 parce
1639 4726 1845 4806 Liber,

893 4810 1109 4891 Parce,
1140 4814 1305 4894 gravi
1337 4813 1655 4878 metuende
1687 4814 1895 4899 thyrso
1923 4811 1939 4879 l
