2900 6042
1173 1421 1303 1469 LIB-
1349 1420 1394 1468 1.
1442 1419 1577 1469 sn·-
1625 1423 1688 1470 V.

384 1577 651 1664 Jamque
683 1577 811 1642 dies
842 1576 1076 1658 aderat,
1103 1577 1190 1641 nil
1225 1598 1363 1642 cum
1392 1576 1724 1661 procedere
1753 1579 1998 1645 lintrem

391 1665 722 1745 Sentimus,
753 1665 943 1730 donec
976 1665 1328 1729 cerebrosus
1359 1666 1591 1750 prosilit
1618 1688 1776 1730 unus

388 1754 486 1817 Ac
517 1755 716 1817 mulae
747 1761 1090 1836 nautaeque
1122 1759 1307 1837 caput
1336 1752 1690 1836 lumbosque
1722 1753 1955 1837 saligno

387 1839 577 1904 Fuste
611 1839 813 1903 dolat:
861 1846 1080 1924 quarta
1108 1839 1207 1901 vix
1240 1838 1481 1902 demum
1514 1840 1866 1923 exponimur
1897 1841 2066 1904 hora.

392 1926 518 1991 Ora
550 1947 882 2011 manusque
915 1933 1021 1989 tua
1050 1926 1325 2006 lavimus,
1356 1926 1641 2006 Feronia,
1672 1928 1941 2012 lympha.

387 2012 564 2077 Milia
592 2020 720 2076 tum
750 2012 954 2098 pransi
983 2014 1102 2076 tria
1129 2013 1394 2096 repimus
1426 2021 1612 2098 atque
1643 2014 1911 2078 subimus

390 2099 745 2184 Impositum
776 2100 936 2163 saxis
964 2101 1085 2163 late
1118 2100 1515 2163 candentibus
1550 2100 1784 2163 Anxur.

368 2176 535 2251 Ὴιιο
567 2194 856 2250 venturus
887 2194 1022 2250 erat
1049 2185 1379 2250 Maecenas
1410 2188 1670 2271 optimus
1701 2195 1884 2272 atque

392 2271 708 2353 CocceiuS,
737 2273 902 2337 missi
930 2273 1165 2355 magnis
1196 2273 1271 2336 de
1302 2275 1484 2337 rebus
1514 2281 1773 2358 uterque

391 2357 633 2442 Legati,
665 2380 907 2423 aversos
937 2360 1095 2423 soliti
1125 2380 1482 2458 componere
1514 2360 1756 2423 amicos.

391 2444 514 2509 Hie
541 2446 729 2509 oculis
760 2468 873 2529 ego
902 2446 1079 2529 nigra
1108 2446 1257 2509 meis
1288 2446 1539 2527 collyria
1567 2447 1766 2530 lippus

391 2531 662 2595 Illinere.
740 2532 988 2595 Interea
1018 2531 1349 2595 Maecenas
1381 2531 1629 2595 advenit
1657 2539 1841 2616 atque

395 2617 690 2683 Cocceius
722 2618 1058 2703 Capitoque
1090 2619 1266 2681 simul
1295 2617 1608 2697 FonteiuS,
1640 2618 1719 2681 ad
1749 2640 2017 2702 unguem

393 2703 622 2768 Factus
650 2705 849 2783 home,
884 2705 1111 2768 Antoni
1140 2727 1260 2769 non
1290 2712 1360 2769 ut
1391 2705 1581 2787 magis
1613 2705 1769 2768 alter
1798 2706 2049 2771 amicus.

393 2789 643 2855 Fundos
673 2791 920 2855 Aufidio
950 2790 1150 2855 Lusco
1180 2799 1461 2876 praetore
1491 2792 1753 2855 libenter

394 2876 820 2961 Linquimu8‚
803 2878 998 2942 insani
1027 2879 1294 2943 ridentes
1325 2879 1594 2963 praemia
1622 2879 1879 2952 scribae,

394 2964 785 3028 Praetextam
818 2973 883 3028 et
911 2965 1100 3029 latum
1132 2966 1368 3029 clavum
1402 2987 1753 3049 prunaeque
1785 2965 2078 3030 batillum.

357 3042 473 3115 Ἶιι
503 3051 953 3115 Mamurrarum
981 3052 1124 3116 lassi
1156 3052 1374 3115 deinde
1404 3051 1555 3115 urbe
1586 3073 1921 3132 manemuS,

395 3137 661 3202 Murena
688 3139 1015 3223 praebente
1047 3139 1311 3219 domum,
1344 3137 1637 3222 Capitone
1670 3140 1954 3203 culinam.

396 3224 654 3289 Postera
681 3226 784 3288 lux
816 3226 1009 3289 oritur
1035 3227 1223 3290 multo
1254 3225 1636 3310 gratissima·
1622 3274 1638 3303 ,
1682 3247 1944 3310 namque

394 3311 631 3376 Plotius
663 3321 726 3376 et
756 3312 981 3378 Varius
1017 3310 1340 3376 Sinuessae
1372 3313 1789 3396 Virgiliusque

400 3397 770 3478 Occurrunt,
801 3399 1035 3463 animae
1068 3400 1278 3483 quales
1306 3421 1507 3483 neque
1541 3398 1919 3463 candidiores

396 3485 591 3550 Terra
617 3486 755 3549 tulit
784 3507 982 3570 neque
1013 3487 1146 3569 quis
1175 3508 1271 3549 me
1303 3487 1383 3550 sit
1412 3485 1748 3548 devinctior
1777 3487 1950 3549 alter.

400 3571 455 3636 Ο
488 3573 593 3656 qui
623 3573 968 3657 complexus
999 3581 1062 3634 et
1091 3573 1314 3656 gaudia
1343 3581 1572 3657 quanta
1601 3574 1888 3637 fuerunt.
1874 3571 1887 3616 ἲ

396 3657 507 3723 Nil
537 3680 651 3743 ego
682 3659 1038 3723 contulerim
1059 3658 1332 3742 jucundo
1363 3679 1548 3722 sanus
1578 3658 1787 3722 amico.

395 3744 683 3810 Proxima
713 3744 1022 3829 Campano
1054 3746 1220 3828 ponti
1249 3765 1405 3829 quae
1437 3745 1666 3824 villula,
1697 3751 1928 3808 tectum

396 3832 713 3910 Praebuit,
746 3839 810 3896 et
839 3831 1083 3915 parochi
1114 3852 1270 3914 quae
1303 3831 1527 3894 debent
1555 3832 1722 3915 ligna
1749 3832 2078 3916 salemque.

398 3917 566 3983 Hine
597 3919 744 3983 muli
778 3917 1026 4002 Capuae
1058 3918 1310 3981 clitellas
1341 3925 1612 4001 tempore
1644 3924 1889 4001 ponunt.

398 4005 630 4071 Lusum
659 4005 709 4068 it
737 4004 1092 4104 Maecenas,
1123 4003 1444 4068 dormitum
1476 4025 1590 4087 ego
1620 4003 2084 4089 virgiliusque·
2067 4051 2085 4082 ,

396 4092 685 4176 Namque
708 4092 837 4176 pila
864 4091 1086 4175 lippis
1071 4090 1374 4154 mimicum
1406 4099 1470 4155 et
1499 4091 1709 4155 ludere
1743 4091 1962 4155 crudis.

398 4178 567 4243 Hinc
598 4200 708 4243 nos
739 4176 979 4242 Cocceii
1010 4167 1225 4261 recipit
1254 4178 1599 4262 plenissima
1630 4178 1771 4241 villa

401 4264 575 4340 Quae
606 4286 791 4347 super
820 4271 913 4328 est
944 4263 1140 4328 Caudi
1170 4286 1496 4350 cauponas.
1588 4265 1651 4327 N
1654 4285 1772 4328 unc
1803 4263 1950 4327 mihi
1979 4265 2189 4349 paucis

404 4351 712 4418 Sarmenti
741 4372 987 4415 scurrae
1019 4373 1285 4435 pugnam
1315 4351 1625 4434 Messique
1659 4350 1938 4428 Cicirrhi,

401 4438 609 4516 Musa,
641 4438 819 4502 velim
849 4459 1165 4516 memoreS,
1197 4446 1260 4500 et
1292 4459 1411 4521 quo
1442 4447 1616 4520 patre
1647 4446 1829 4508 natus
1857 4445 2117 4522 uterque

404 4523 746 4589 Contulerit
774 4525 932 4587 lites.
1024 4523 1216 4586 Messi
1245 4524 1474 4587 clarum
1507 4544 1699 4606 genus
1733 4521 1922 4600 Osci3

406 4609 713 4677 Sarmenti
745 4610 986 4673 domina
1015 4619 1255 4673 exstat·
1303 4610 1378 4672 ab
1409 4610 1503 4672 his
1531 4609 1856 4693 majoribus
1888 4608 2004 4673 orti

349 4736 353 4740 -
404 4696 515 4764 Ad
543 4717 808 4782 pugnam
839 4718 1082 4760 venere.
1176 4695 1352 4758 Prior
1386 4694 1783 4758 Sarmentus.
1831 4699 1872 4732 “
1901 4695 2065 4779 Equi
2094 4701 2157 4759 te

406 4719 585 4849 Essep
590 4783 708 4847 feri
734 4782 989 4847 similem
1019 4782 1175 4845 dico.
1181 4781 1222 4813 ”
1313 4781 1632 4860 Ridemus,
1664 4793 1730 4844 et
1757 4780 1887 4865 ipse

406 4867 673 4937 Messius
701 4874 743 4907 “
765 4868 1088 4954 Accipio,''
1122 4874 1307 4985 caput
1336 4875 1400 4931 et
1428 4875 1649 4932 movet.
1741 4873 1783 4905 ‘⁴
1813 4866 1893 4948 O,
1922 4873 2031 4931 tua
2059 4884 2247 4933 cornu

408 4953 500 5024 Ni
525 4955 686 5022 foret
713 4962 959 5021 exsecto
986 4955 1219 5036 frons‚'’
1252 4954 1474 5040 inquit,
1503 4959 1545 4992 ‘⁶
1568 4952 1716 5039 quid
1743 4952 2003 5035 faceres,
2035 4975 2175 5020 eum

2430 3333 2494 3384 ⁴0
