2900 6042
1086 1543 1221 1590 mla·
1256 1542 1301 1590 1.
1346 1541 1548 1590 xpm.
1595 1541 1711 1590 vn*

364 1701 408 1737 “
429 1695 573 1762 Non
601 1697 793 1763 invisa
820 1696 979 1761 feres
1010 1698 1212 1781 pueris
1239 1698 1596 1761 munuscula
1624 1694 1894 1780 parvis.”

363 1787 407 1822 ‘⁶
431 1784 581 1847 Tam
612 1793 820 1848 teneor
849 1784 1026 1863 dono,
1057 1805 1238 1867 quam
1268 1784 1319 1847 si
1350 1783 1617 1846 dimittar
1646 1781 1959 1846 onustus.”

363 1874 406 1908 “
430 1868 526 1934 Ut
552 1870 740 1947 libet;
785 1871 936 1933 haec
968 1871 1167 1955 porcis
1193 1870 1367 1932 hodie
1399 1869 1770 1932 comedenda
1799 1866 2168 1953 relinques-’'

365 1954 667 2039 Prodigus
696 1965 760 2019 et
787 1957 1007 2020 stultus
1037 1957 1221 2019 donat
1251 1977 1405 2040 quae
1435 1956 1667 2040 spernit
1692 1963 1755 2018 et
1783 1955 1911 2019 odit
1937 1975 1954 2031 3

365 2042 543 2106 Haec
573 2063 749 2125 seges
778 2042 1045 2125 ingratos
1078 2043 1215 2105 tulit
1244 2052 1308 2104 et
1336 2043 1496 2105 feret
1523 2041 1794 2104 omnibus
1824 2041 2013 2105 annis.

365 2127 485 2191 'Vir
514 2128 705 2192 bonus
734 2136 799 2192 et
826 2129 1064 2212 sapiens
1095 2127 1292 2212 dignis
1322 2128 1406 2192 ait
1437 2148 1570 2190 esse
1604 2135 1872 2211 paratus,

366 2213 504 2278 Nec
537 2223 735 2279 tamen
767 2215 1006 2298 ignorat
1033 2214 1178 2298 quid
1210 2214 1435 2278 distent
1466 2235 1610 2277 aera
1636 2214 1887 2297 lupinis:

369 2299 632 2383 Dignum
662 2301 982 2384 praestabo
1009 2322 1106 2364 me
1137 2301 1316 2364 etiam
1347 2321 1457 2384 pro
1487 2299 1663 2363 laude
1698 2300 1999 2364 merentis.

366 2385 593 2458 Quodsi
624 2408 721 2450 me
751 2387 920 2449 noles
949 2407 1204 2470 usquam
1235 2386 1571 2464 discedere,
1602 2385 1822 2449 reddes

364 2470 549 2535 Forte
579 2473 760 2551 latus,
789 2473 992 2555 nigros
1021 2480 1279 2554 angusta
1308 2473 1507 2536 fronte
1539 2472 1804 2554 capillos,

368 2557 614 2622 Reddes
644 2558 820 2621 dulce
852 2558 1036 2641 loqui,
1069 2557 1287 2620 reddes
1316 2557 1515 2621 ridere
1546 2556 1830 2620 decorum
1860 2563 1925 2621 et

367 2642 541 2708 Inter
572 2645 710 2707 vina
739 2644 947 2726 fugam
978 2641 1236 2707 Cinarae
1266 2664 1538 2706 maerere
1569 2649 1903 2726 protervae.

365 2729 550 2794 Forte
585 2752 692 2814 per
721 2739 1039 2811 augustam
1070 2729 1266 2792 tenuis
1299 2729 1615 2812 vulpecula
1645 2728 1853 2791 rimam

367 2815 669 2900 Repserat
698 2815 760 2878 iu
790 2836 1095 2878 cumeram
1124 2815 1432 2892 frumenti,
1464 2822 1755 2897 pastaque
1787 2833 1995 2877 rursus

366 2900 470 2965 Ire
501 2902 661 2964 foras
685 2901 859 2984 pleno
891 2900 1178 2963 tendebat
1216 2921 1466 2984 corpore
1498 2900 1762 2976 frustra3

368 2985 484 3049 Cui
514 2987 770 3049 mustela
799 2986 1028 3069 procul,
1058 2991 1099 3022 “
1126 2985 1193 3049 Si
1224 2986 1379 3066 vis,”
1414 2987 1520 3065 ait,
1553 2993 1589 3026 ‘⁴
1613 2987 1876 3069 effugere
1909 2985 2108 3067 istinc,

365 3072 584 3136 Macra
612 3094 826 3136 cavum
857 3082 1095 3156 repetes
1125 3082 1321 3136 artum
1353 3094 1533 3157 quem
1564 3093 1767 3135 macra
1797 3073 2074 3136 subisti.’'

366 3159 507 3222 Hac
539 3180 653 3242 ego
684 3160 733 3222 si
766 3158 1088 3241 compellor
1115 3159 1372 3241 imagine
1405 3167 1627 3229 cuncta
1656 3160 1935 3242 resigno;

367 3244 503 3309 Nec
534 3267 805 3309 somnum
835 3245 1022 3328 plebis
1050 3246 1230 3309 laudo
1261 3254 1432 3308 satur
1462 3246 1733 3325 altilium,
1765 3266 1877 3309 nec

370 3328 515 3395 Otia
542 3330 764 3395 divitiis
795 3331 1068 3394 Arabum
1103 3332 1404 3394 liberrima
1435 3340 1619 3395 muto.

370 3414 566 3501 Saepe
597 3417 1002 3480 verecundum
1030 3417 1307 3495 laudasti,
1338 3439 1564 3501 rexque
1596 3426 1888 3502 paterque

365 3503 611 3568 Audisti
642 3525 864 3580 coram,
894 3525 1007 3567 nec
1042 3505 1222 3567 verbo
1256 3503 1492 3588 parcius
1522 3505 1736 3567 absens
1762 3527 1778 3566 ε

365 3588 607 3673 Inspice
639 3590 690 3652 si
723 3611 958 3673 possum
991 3590 1212 3653 donata
1243 3612 1531 3674 reponere
1564 3591 1774 3652 laetus,

367 3674 555 3738 Haud
583 3677 738 3739 male
771 3676 1187 3752 TelemachuS,
1221 3677 1415 3758 proles
1449 3676 1729 3758 patientis
1762 3674 2001 3738 Ulixei:

367 3765 408 3797 “
432 3760 574 3824 Non
604 3771 697 3824 est
726 3772 901 3844 aptus
933 3762 1103 3845 equis
1135 3762 1346 3824 Ithace
1379 3763 1567 3838 loona,
1597 3770 1667 3823 ut
1696 3781 1891 3844 neque
1923 3761 2116 3845 planis

367 3845 693 3910 Porrectus
723 3848 932 3930 spatiis
962 3868 1073 3909 nec
1106 3848 1327 3908 multae
1360 3847 1645 3929 prodigus
1674 3847 1938 3922 herbae;

365 3932 612 4011 Atride,
643 3934 834 4014 magis
864 3942 1006 4015 apta
1039 3932 1144 3994 tibi
1176 3940 1281 3993 tua
1310 3931 1469 3994 dona
1500 3932 1897 4015 relinquam.”

367 4017 632 4082 Parvum
666 4039 851 4101 parva
883 4018 1141 4086 decent;
1189 4017 1330 4079 mihi
1351 4019 1478 4101 jam
1509 4039 1627 4079 non
1660 4019 1827 4101 regia
1858 4019 2076 4099 Roma,

369 4102 495 4169 Sed
528 4125 784 4167 vacuum
815 4103 1002 4166 Tibur
1031 4104 1230 4187 placet
1259 4114 1366 4166 aut
1396 4104 1632 4166 imbelle
1663 4104 2010 4176 Tarentum.

370 4190 669 4254 Strenuus
699 4198 763 4253 et
790 4189 959 4252 fortis
991 4189 1306 4273 causisque
1341 4190 1652 4274 Philippus
1681 4192 1933 4274 agendis

368 4276 584 4341 Clarus
614 4275 691 4339 ab
721 4276 922 4339 officiis
951 4284 1224 4339 octavam
1255 4277 1495 4340 circiter
1526 4279 1730 4340 horam

364 4361 530 4426 Dum
559 4361 738 4440 redit,
769 4373 953 4446 atque
983 4362 1139 4426 Foro
1168 4363 1415 4426 nimium
1447 4364 1669 4427 distare
1702 4362 1955 4427 Carinas

364 4447 410 4513 J
413 4470 509 4511 am
540 4448 785 4531 grandis
816 4460 965 4512 natu
994 4449 1290 4533 queritur,
1322 4452 1654 4534 conspexit,
1686 4469 1753 4513 ιιι
1784 4450 1975 4530 aiunt,

365 4533 674 4598 Adrasum
704 4534 1004 4618 quendam
1036 4555 1229 4599 vacua
1260 4538 1514 4599 tonsoris
1544 4538 1603 4600 in
1634 4537 1847 4600 umbra

368 4618 627 4684 Cultello
659 4621 924 4705 proprios
955 4632 1312 4705 purgantem
1342 4623 1560 4685 leuiter
1591 4644 1842 4705 ungues.

365 4711 412 4744 “
439 4705 779 4785 Demetri,’'
799 4741 888 4755 -
907 4728 1059 4791 puer
1087 4707 1184 4771 hic
1215 4728 1334 4770 non
1364 4710 1533 4771 laeve
1555 4710 1728 4792 jussa
1760 4707 2020 4792 Philippi

365 4791 728 4876 Accipiebat
748 4829 836 4843 --
857 4793 1035 4872 “abi,
1067 4814 1292 4876 quaere
1324 4800 1390 4857 et
1417 4795 1601 4874 refer,
1626 4795 1788 4857 unde
1822 4794 2016 4874 domo,
2046 4795 2204 4878 quis.

367 4876 557 4963 Cujus
584 4876 884 4958 fortunae,
914 4899 1034 4962 quo
1064 4879 1144 4942 sit
1172 4887 1344 4963 patre
1375 4901 1569 4964 quove
1600 4880 1917 4965 patrono.”

364 4961 452 5044 It,
480 4963 641 5028 redit
669 4971 734 5028 et
760 4974 992 5045 narrat,
1026 4964 1336 5030 Volteium
1367 4967 1604 5031 nomine
1635 4965 1906 5047 Menam,

364 5048 760 5131 Praeconem,
789 5051 957 5116 tenui
985 5071 1195 5133 censu,
1222 5052 1353 5116 sine
1383 5053 1654 5135 crimine,
1683 5060 1891 5117 notum

2328 1522 2456 1591 191

2384 3695 2452 3744 ⁴0
2571 3751 2575 3755 ,
