2900 6042
1172 1424 1303 1470 ms.
1336 1423 1384 1470 1.
1419 1422 1558 1470 sar.
1602 1422 1695 1469 vt.
2353 1406 2481 1472 141

397 1575 776 1642 Persuadere
809 1577 993 1662 cupit.
1086 1575 1314 1641 Credat
1339 1576 1386 1641 J
1387 1576 1618 1640 udaeus
1646 1575 1891 1660 Apella,
2388 1598 2480 1648 loo

396 1661 541 1727 Non
570 1683 723 1746 ego;
767 1684 1025 1746 namque
1057 1663 1201 1726 deos
1230 1662 1412 1726 didici
1443 1682 1722 1727 securum
1748 1681 1930 1745 agere
1961 1681 2200 1742 aevum,

394 1746 463 1811 N
465 1769 534 1812 ec
588 1749 640 1811 si
668 1748 812 1831 quid
844 1749 976 1812 miri
1007 1748 1191 1811 faciat
1217 1755 1436 1811 natura
1489 1747 1633 1811 deos
1662 1747 1725 1810 id

394 1833 624 1897 Tristes
653 1854 729 1896 ex
759 1835 878 1896 alto
908 1835 1060 1897 caeli
1089 1833 1405 1897 demittere
1436 1840 1617 1897 teoto.

393 1917 805 1984 Brundusium
828 1918 1046 2001 longae
1062 1919 1202 1983 finis
1223 1919 1585 2003 chartaeque
1615 1919 1869 2004 viaeque
1900 1924 2015 1982 est.

1100 2345 1526 2410 SATIRA
1604 2344 1765 2412 VI.

392 2514 546 2579 NON
599 2517 762 2600 quia,
792 2515 1143 2595 Maecenas,
1174 2515 1481 2600 Lydorum
1511 2513 1796 2602 quidquid
1820 2516 2109 2584 Etruscos

391 2599 655 2666 Incoluit
683 2603 834 2665 fines
886 2623 1060 2664 nemo
1090 2602 1434 2684 generosior
1462 2608 1557 2665 est
1585 2609 1670 2682 te,

393 2686 459 2750 N
462 2709 530 2751 ec
585 2688 744 2771 quod
776 2708 923 2751 avus
950 2687 1056 2750 tibi
1083 2693 1393 2751 maternus
1419 2686 1538 2751 fuit
1564 2694 1748 2771 atque
1777 2694 2068 2772 paternus

397 2770 558 2835 Olim
588 2774 693 2856 qui
720 2773 952 2856 magnis
980 2773 1312 2856 legionibus
1355 2773 1789 2857 imperitarent,

393 2857 490 2923 Ut
516 2858 786 2942 plerique
816 2859 1029 2936 solent,
1059 2879 1205 2921 naso
1233 2859 1548 2943 suspendis
1576 2858 1812 2923 adunco
2440 2885 2475 2934 ις

392 2942 666 3026 Ignotos,
696 2951 767 3007 ut
797 2964 894 3007 me
922 2944 1198 3007 libertino
1226 2951 1398 3027 patre
1425 2951 1656 3008 natum.

397 3027 552 3092 Cum
579 3029 807 3092 referre
837 3049 1024 3112 negas
1075 3029 1239 3113 quali
1267 3029 1347 3093 sit
1373 3030 1626 3114 quisque
1657 3037 1908 3115 parente

392 3113 598 3178 Natus
648 3114 792 3178 dum
819 3114 1140 3197 ingenuuS,
1201 3115 1526 3199 persuades
1554 3117 1666 3180 hoc
1697 3116 1803 3179 tibi
1835 3137 2000 3197 vere,

393 3198 561 3263 Ante
592 3206 949 3283 potestatem
979 3200 1136 3263 Tulli
1165 3209 1346 3284 atque
1377 3201 1636 3283 ignobile
1667 3223 1922 3286 regnum

392 3283 622 3349 Multos
650 3307 830 3371 saepe
861 3286 1017 3350 viros
1045 3286 1223 3350 nullis
1253 3287 1572 3370 majoribus
1601 3294 1761 3352 ortos
2411 3311 2472 3360 ιο

394 3369 480 3434 Et
511 3371 724 3435 vixisse
753 3372 965 3455 probos
1018 3373 1226 3454 amplis
1258 3379 1320 3436 et
1347 3373 1667 3436 honoribus
1709 3379 1958 3451 auctos3

396 3454 625 3520 Contra
652 3456 1004 3536 Laevinum,
1034 3457 1245 3521 Valeri
1275 3479 1466 3540 genus
1521 3458 1682 3521 unde
1728 3460 2027 3544 superbus

393 3540 754 3626 Tarquinius
781 3564 969 3626 regno
997 3544 1202 3627 pulsus
1231 3544 1409 3625 fugit,
1439 3544 1615 3607 unius
1645 3543 1793 3607 assis

391 3625 459 3691 N
459 3648 537 3690 on
564 3649 828 3713 unquam
859 3629 1051 3713 pretio
1080 3629 1266 3713 pluris
1295 3629 1543 3706 licuisse,
1562 3636 1807 3693 notante

389 3711 436 3776 J
437 3713 614 3778 udice
670 3736 788 3798 quo
816 3714 973 3794 nosti
1024 3715 1262 3798 populo,
1292 3714 1396 3797 qui
1425 3715 1647 3777 stultus
1674 3716 1933 3779 honores
2410 3737 2472 3787 15

395 3795 593 3883 Saepe
623 3799 731 3864 dat
757 3799 1018 3881 indignis
1047 3806 1112 3862 et
1139 3800 1334 3862 famae
1364 3799 1551 3862 servit
1578 3799 1841 3883 ineptus,

392 3883 512 3957 Qui
541 3892 746 3970 stupet
773 3885 836 3949 in
865 3885 1054 3949 titulis
1083 3892 1146 3948 et
1173 3884 1550 3968 imaginibus.
1641 3884 1801 3959 Quid
1829 3907 1865 3949 o
1942 3889 2067 3950 rtet

390 3968 523 4034 Nos
550 3970 755 4035 facere
785 3991 824 4036 a
854 3970 1031 4054 volgo
1058 3970 1157 4034 lon
1202 3991 1235 4033 e
1265 3971 1565 4054 longeque
1595 3977 1851 4034 remotos

390 4053 674 4140 Namque
704 4063 833 4121 esto
884 4056 1138 4141 populus
1295 4057 1431 4121 vino
1459 4057 1667 4120 mallet
1693 4056 1980 4120 honorem
2042 4074 2054 4087 ·

393 4137 590 4215 Quam
617 4141 809 4206 Decio
836 4141 1123 4205 mandare
1152 4163 1326 4221 novo,
1357 4163 1686 4226 censorque
1715 4147 1987 4207 moveret
2404 4162 2473 4214 ω

390 4225 632 4311 Appius
680 4227 942 4310 ingenuo
969 4228 1022 4291 si
1049 4248 1168 4290 non
1197 4249 1389 4292 essem
1417 4236 1591 4312 patre
1620 4234 1833 4292 natus:

390 4309 513 4376 Vel
540 4313 752 4376 merito
805 4313 1083 4398 quoniam
1107 4313 1170 4376 in
1196 4315 1438 4397 propria
1465 4336 1583 4377 non
1615 4315 1768 4398 pelle
1800 4313 2119 4399 quiessem.

393 4393 517 4462 Sed
549 4397 820 4482 fulgente
851 4399 1038 4461 trahit
1066 4401 1415 4464 constrictos
1446 4398 1654 4463 Gloria
1684 4420 1867 4463 curru

389 4480 534 4547 Non
562 4483 761 4548 minus
787 4484 1023 4568 ignotos
1052 4486 1383 4567 generosis.
1476 4483 1609 4558 Quo
1639 4484 1767 4564 tibi,
1797 4484 1959 4566 Tilli,

392 4564 646 4633 Sumere
674 4568 1009 4654 depositum
1040 4571 1275 4633 clavum
1301 4570 1554 4653 fierique
1583 4569 1873 4635 tribuno?
2400 4590 2466 4639 m

386 4651 629 4719 Invidia
654 4656 922 4720 accrevit
971 4655 1204 4739 privato
1234 4676 1390 4740 quae
1416 4656 1611 4720 minor
1636 4662 1815 4720 esset.

386 4736 557 4803 Nam
580 4745 653 4804 ut
679 4740 932 4827 quisque
961 4740 1207 4805 insanus
1235 4742 1423 4826 nigris
1451 4742 1714 4806 medium
1738 4739 2018 4828 ‚impediit
2046 4760 2188 4806 crus

387 4822 657 4889 Pellibus
684 4832 751 4891 et
777 4826 966 4891 latum
995 4827 1235 4892 demisit
1261 4835 1507 4911 pectore
1538 4828 1797 4908 clavum,

389 4907 587 4979 Audit
612 4911 933 4978 continuo:
966 4913 1003 4949 “
1019 4910 1168 4987 Quis
1195 4912 1370 4978 homo
1397 4913 1496 4978 hic
1525 4911 1671 4978 est?
1716 4933 1836 4998 quo
1864 4917 2036 4999 patre
2064 4916 2244 4978 natus
2267 4909 2345 4977 ?''
