2900 6042
191 1284 255 1350 168
349 1261 350 1264 ¹
618 1289 804 1340 sarmaauu

191 1454 274 1518 Vina
300 1451 465 1515 columbine
480 1448 585 1512 limum
595 1446 672 1510 bene
686 1440 800 1524 colligit
812 1464 879 1522 evo,
945 1501 949 1507 .

192 1540 347 1614 Quatenus
362 1537 422 1599 ima
436 1535 512 1619 petit
527 1535 647 1597 volvens
662 1531 762 1594 aliena
780 1529 915 1591 vitellus.

192 1625 290 1689 Pestis
306 1630 488 1686 marcentem
504 1620 617 1702 squillis
629 1615 780 1681 recreabis
795 1620 827 1677 et
841 1615 922 1677 Afra

192 1710 334 1774 Peterem
349 1708 488 1771 cochlea:
511 1726 580 1767 nam
595 1706 714 1767 lactuca
729 1704 846 1766 innatat
861 1700 924 1763 acri

193 1795 267 1858 Pest
283 1795 383 1856 viuum
399 1792 549 1856 stomacho
561 1810 569 1864 3
592 1810 686 1872 perna
700 1788 797 1870 magis
812 1807 849 1849 ae
863 1784 959 1868 magis
972 1783 1053 1848 hillis

194 1879 329 1961 Flagitat
343 1881 498 1941 immersus
514 1877 611 1951 refici;
624 1875 696 1957 quin
712 1874 811 1938 omnia
825 1871 910 1934 malit

195 1964 403 2049 Quaecunque
423 1960 581 2025 immundis
596 1961 716 2023 fervent
731 1959 824 2022 allata
837 1955 964 2040 popinis.

196 2049 252 2113 Est
266 2070 374 2133 operae
391 2048 520 2132 pretium
534 2046 661 2128 duplicis
675 2065 853 2127 pernoscere
864 2042 943 2126 juris

196 2135 356 2198 Naturam.
404 2132 536 2214 Simplex
551 2152 568 2192 e
584 2130 663 2192 dulci
679 2137 798 2192 constat
812 2129 900 2206 olive,

197 2220 284 2292 Quod
299 2217 408 2302 pingui
418 2219 542 2280 miscere
558 2237 639 2277 mere
654 2217 811 2298 muriaque
826 2212 958 2289 decebit,

196 2304 268 2367 Nou
282 2305 340 2367 alia
366 2324 458 2387 quam
471 2323 532 2385 qua
548 2298 695 2382 Byzantia
710 2301 810 2384 putuit
825 2318 905 2361 orca.

196 2388 265 2452 Hoc
280 2390 331 2452 ubi
346 2390 501 2452 confusum
516 2387 606 2450 sectis
620 2386 763 2448 inferbuit
776 2384 877 2447 herbis

198 2473 385 2558 Corycioque
402 2495 489 2537 croco
504 2493 638 2557 sparsum
655 2471 750 2549 stetit,
765 2471 888 2554 insuper
902 2465 996 2531 addes

197 2559 309 2624 Pressa
324 2560 516 2625 Venafranae
532 2557 612 2640 quod
627 2557 703 2619 baca
717 2557 833 2619 remisit
852 2555 959 2619 olivae.

198 2639 322 2709 Picenis'
334 2645 446 2709 cedunt
461 2643 554 2727 pomis
568 2643 705 2706 Tiburtia
719 2662 828 2704 succe:

199 2730 280 2793 Nam
296 2732 372 2793 facie
388 2737 552 2813 praestant.
597 2727 759 2791 Venucula
772 2724 912 2789 convenit
926 2722 1011 2799 ollis;

200 2814 326 2878 Rectius
341 2815 491 2877 Albanam
505 2815 588 2876 fumo
603 2812 759 2875 duraveris
774 2832 874 2874 uvam.

200 2899 291 2963 Hanc
304 2921 361 2982 ego
376 2921 444 2963 eum
459 2900 556 2977 malis,
572 2919 628 2980 ego
643 2899 760 2960 faecem
775 2897 888 2980 primus
903 2900 935 2958 et
949 2893 1039 2974 allec,

201 2983 321 3046 Primus
337 2993 368 3047 et
382 2984 516 3047 invenior
530 2984 615 3067 piper
630 2984 731 3047 album
746 3004 814 3046 cum
829 2982 892 3045 sale
906 2980 993 3064 nigro

203 3067 359 3131 Incretum
373 3069 455 3152 puris
471 3069 716 3152 circumposuisse
733 3069 850 3133 catillis.

204 3151 339 3216 Immane
355 3161 401 3217 est
416 3154 519 3216 vitium
546 3154 619 3218 dare
634 3156 727 3218 millia
741 3170 829 3217 terna
842 3151 968 3216 macello

203 3237 404 3322 Angustaque
420 3260 512 3322 vagos
528 3241 624 3324 pisces
639 3262 749 3321 urgere
765 3239 874 3302 catino.

204 3319 321 3404 Magna
334 3331 434 3388 moret
449 3327 599 3388 stomacho
613 3325 745 3402 fastidia,
760 3346 814 3387 seu
829 3345 905 3407 puer
918 3322 1018 3387 unctis

204 3406 360 3471 Praeterit
373 3411 496 3472 calicem
511 3411 645 3472 menibus
672 3410 744 3472 dum
762 3411 844 3472 furta
857 3408 974 3491 ligurit,

206 3489 278 3555 Sive
294 3495 394 3574 gravis
411 3496 503 3556 veteri
519 3502 654 3557 craterae
669 3494 918 3569 limusadhaesit.

205 3575 325 3640 Vilibus
340 3579 371 3641 in
388 3581 494 3662 scopis,
508 3580 540 3641 in
555 3581 680 3663 mappis,
695 3581 726 3643 in
742 3580 830 3643 scobe
848 3585 979 3664 quantus

206 3659 349 3725 Consistit
363 3662 502 3726 sumtus?
548 3663 705 3744 Neglectis
731 3665 876 3747 flagitium
891 3665 1009 3749 ingens.
1122 3663 1134 3680 ’

206 3744 271 3808 Ten
298 3746 413 3828 lapides
429 3748 525 3810 varios
539 3748 689 3813 lutulenta
701 3750 810 3813 radere
826 3751 925 3834 palma

208 3829 250 3892 Et
264 3829 372 3912 Tyrias
388 3833 459 3895 dare
475 3833 587 3895 circum
594 3833 692 3898 inluta
700 3837 807 3898 toralia
821 3845 932 3913 vestes,

210 3912 344 3977 Oblitum
368 3925 479 4000 quante
495 3938 598 3979 curam
613 3928 804 4003 sumtumque
819 3921 964 3984 minorem

208 3996 296 4060 Haec
312 3999 442 4064 habeant
469 4009 552 4064 tanto
567 4005 745 4085 reprehendi
756 4007 869 4089 justius
884 4007 941 4070 illis

209 4081 294 4153 Quae
310 4085 366 4146 nisi
379 4086 518 4149 divitibus
533 4099 686 4169 nequeant
700 4093 875 4174 contingere
890 4089 1023 4155 mensis?

158 4191 162 4199 ·
208 4163 339 4230 “Docte
357 4168 435 4248 Cati,
452 4192 507 4253 per
521 4173 683 4235 amicitiam
699 4175 846 4259 divosque
862 4186 998 4262 rogatus,
1040 4209 1042 4214 v

208 4249 331 4313 Ducere
345 4275 392 4316 me
409 4254 543 4318 auditum
570 4278 678 4340 perges
701 4283 883 4347 quoeunque
915 4267 1078 4326 memento.

210 4333 242 4396 N
244 4356 291 4396 am
306 4340 440 4419 quamvis
455 4342 578 4404 memori
593 4344 706 4407 referas
721 4345 792 4407 mihi
807 4355 929 4428 pectore
946 4354 1068 4427 cuncta,
1226 4370 1260 4420 ee

211 4418 282 4481 Non
298 4428 398 4486 tamen
412 4426 559 4509 interpres
574 4431 750 4492 tantundem
760 4431 887 4512 juveris.
932 4433 1024 4496 Adde

211 4501 339 4567 Vultum
354 4508 547 4594 habitumque
562 4512 697 4591 heminis,
713 4536 802 4597 quem
818 4524 853 4578 tu
867 4517 976 4581 vidisse
991 4519 1102 4584 beatus

212 4586 283 4649 Neu
298 4594 398 4674 magni
414 4596 517 4678 pendis
545 4597 615 4678 quia
630 4600 774 4682 contigit3
797 4609 829 4664 at
843 4602 915 4665 mihi
930 4625 1005 4668 cura

213 4670 285 4733 Non
299 4676 455 4742 mediocris
469 4682 558 4758 inest,
572 4682 670 4745 fontes
684 4695 719 4746 ut
734 4686 818 4748 adire
833 4695 964 4753 remotes

213 4754 318 4836 Atque
333 4760 452 4825 haurire
468 4787 575 4846 queam
591 4768 669 4830 vitae
685 4779 849 4856 praecepta
865 4775 1012 4839 beatae.'’
1229 4799 1264 4852 ω
