2900 6042
536 1260 669 1308 eamme
691 1259 889 1307 SAECULARE·

403 1416 525 1482 Fertilis
539 1410 661 1498 fru'guru
677 1412 855 1498 pecorisque
873 1413 977 1480 Tellus

406 1503 516 1587 Spicea
530 1502 621 1565 donet
637 1501 781 1565 Cererem
797 1520 928 1578 corona,

403 1589 551 1655 Nutriant
564 1588 645 1650 fotus
660 1595 692 1650 et
707 1607 803 1669 aquae
818 1587 955 1652 salubres

578 1674 619 1736 Et
632 1672 655 1736 J
656 1673 718 1735 ovis
734 1692 837 1735 aurae.

406 1759 535 1825 Condito
547 1759 627 1822 mitis
641 1758 837 1842 placidusque
853 1758 913 1821 telo

405 1847 563 1930 Supplices
579 1844 650 1908 audi
664 1865 784 1927 pueros,
798 1843 930 1927 Apollo:

406 1931 546 1997 Siderum
561 1931 666 2013 regina
679 1929 809 1993 bicornis
835 1929 918 2009 audi,

459 2018 471 2035 ⁰
575 2016 672 2094 Luna,
688 2016 814 2099 puellas.

404 2103 501 2166 Roma
515 2101 540 2164 si
556 2110 688 2165 vestrum
704 2108 751 2164 est
765 2122 851 2185 opus,
867 2100 1007 2187 Iliaeque

404 2187 490 2253 Litus
506 2188 667 2251 Etruscum
682 2195 807 2252 tenuere
822 2195 951 2268 turmae,
1115 2193 1117 2196 ’

404 2274 426 2338 J
429 2295 498 2339 ussa
513 2294 582 2358 pars
598 2281 716 2337 mutare
732 2272 827 2337 Lares
842 2281 875 2338 et
888 2273 995 2338 urbem

576 2358 698 2443 Sospite
711 2380 813 2438 cursu,

405 2443 464 2509 Cui
477 2467 532 2529 per
546 2445 701 2509 ardentem
716 2445 780 2508 sine
795 2444 903 2509 fraude
917 2444 1039 2533 Trojem

406 2529 515 2596 Castus
530 2533 653 2594 Aeneas
668 2531 784 2614 patriae
799 2538 952 2615 superstes

403 2615 546 2682 Liberum
559 2617 686 2679 munivit
700 2617 766 2696 iter,
775 2616 900 2681 daturus

576 2702 669 2765 Plura
683 2703 815 2766 relictis:

403 2787 456 2867 Di,
472 2790 579 2872 probos
594 2810 691 2852 mores
705 2789 795 2852 docili
804 2790 963 2874 juventae,

406 2873 458 2953 Di,
473 2876 622 2939 senectuti
637 2874 772 2958 placidae
788 2875 931 2958 quietem,

405 2958 552 3025 Romulae
568 2962 652 3043 genti
667 2961 737 3024 date
753 2982 876 3045 remque
892 2962 1067 3047 prolemque

577 3048 618 3110 Et
634 3047 727 3110 decus
741 3046 846 3112 omne!

405 3129 551 3214 Quaeque
566 3155 619 3196 vos
633 3133 730 3195 bubus
746 3139 907 3197 veneratur
921 3133 997 3197 albis

405 3216 513 3280 Clarus
527 3217 680 3281 Anchisae
696 3217 886 3302 Venerisque
901 3218 1036 3304 sanguis,

403 3303 561 3388 Impetret,
576 3304 706 3367 bellante
722 3305 814 3388 prior,
828 3306 983 3390 jacentem

574 3390 665 3453 Lenis
681 3390 713 3453 in
727 3391 843 3453 hostem
857 3389 865 3454 l

402 3473 425 3539 J
427 3496 475 3538 am
489 3475 565 3539 mari
581 3482 728 3559 terraque
737 3498 843 3540 manus
858 3483 996 3559 potentes

401 3559 514 3625 Medus
529 3562 724 3645 Albanasque
740 3563 826 3625 timet
840 3583 972 3643 secures,

403 3646 425 3710 J
427 3669 476 3712 am
492 3646 625 3734 Scythae
638 3669 780 3732 responsa
794 3654 912 3731 petunt,
927 3648 1049 3734 superbi

577 3734 696 3818 Nuper,
712 3741 744 3797 ct
762 3733 842 3797 Indi.

402 3816 476 3881 Jaru
489 3818 581 3883 Fides
607 3828 639 3883 et
656 3820 721 3883 Pax
748 3828 780 3883 et
797 3819 903 3883 Honos
929 3818 1092 3907 Pudorque

403 3901 527 3966 Priscus
550 3911 582 3968 et
595 3906 736 3987 neglecta
752 3906 850 3969 redire
864 3904 973 3971 Virtus

404 3987 522 4068 Audet,
537 4000 721 4074 apparetque
737 3993 826 4055 beata
841 3993 929 4076 pleno

577 4075 671 4158 Copia
685 4098 788 4140 cornu.

403 4155 516 4241 Augur
542 4167 574 4223 ct
588 4162 723 4245 fulgente
740 4165 866 4227 decorus
882 4184 956 4227 arcu

405 4242 545 4310 Phoebus
571 4256 774 4333 acceptusque
789 4271 897 4314 novem
912 4247 1064 4337 Camenis,

406 4327 465 4404 Qui
479 4334 603 4397 salutari
618 4335 699 4398 levat
714 4344 779 4399 arte
797 4337 891 4400 fessos

578 4419 717 4504 Corporis
733 4429 828 4501 artus,

408 4498 442 4565 Si
456 4501 610 4570 Palatinas
628 4507 711 4571 videt
725 4529 840 4591 aequus
856 4528 942 4572 arces

405 4585 542 4672 Remque
559 4593 724 4656 Romanam
739 4594 933 4677 Latiumque,
945 4593 1019 4657 felix

405 4670 547 4739 Alterum
561 4678 592 4739 in
607 4679 734 4742 lustrum
761 4681 928 4764 meliusque
942 4700 1063 4765 semper

578 4762 725 4848 Prorogat
741 4787 858 4830 aevum.
