2900 6042
473 1320 604 1408 182
1305 1355 1755 1407 susa-omnim

475 1511 580 1581 Sic
608 1511 756 1577 mihi
786 1511 964 1576 tarda
991 1511 1189 1575 fluunt
1213 1510 1576 1596 ingrataque
1608 1519 1903 1598 tempora,
1934 1533 2092 1598 quae
2121 1536 2292 1601 spem

473 1600 923 1685 Consiliumque
953 1607 1266 1661 morantur
1294 1599 1518 1682 agendi
1548 1599 1784 1663 naviter
1812 1599 1878 1663 id
1908 1601 2070 1685 quod

470 1686 693 1772 Aeque
728 1687 1094 1772 pauperibus
1124 1685 1392 1768 prodest,
1424 1686 1823 1768 locupletibus
1860 1707 2079 1770 aeque,

469 1773 690 1859 Aeque
721 1775 1065 1856 neglectum
1099 1772 1299 1856 pueris
1329 1772 1693 1855 senibusque
1725 1773 1980 1836 nocebit.

469 1859 691 1924 Restat
720 1867 790 1923 ut
818 1860 910 1923 his
941 1881 1055 1942 ego
1086 1880 1180 1923 me
1211 1859 1339 1944 ipse
1370 1879 1581 1942 regam
1611 1859 1889 2008 solerque
1920 1860 2253 1925 elementis.

469 1945 614 2010 Non
643 1947 833 2031 possis
863 1947 1035 2010 oculo
1066 1955 1358 2030 quantum
1388 1945 1757 2009 contendere
1841 1967 2098 2030 ynceus,

469 2031 613 2097 Non
646 2043 849 2097 tamen
880 2033 1106 2096 ideirco
1137 2041 1486 2096 contemnas
1517 2032 1715 2117 lippus
1754 2031 2006 2116 inungi3

466 2118 606 2184 Nec
637 2120 782 2205 quia
807 2120 1095 2203 desperes
1126 2119 1334 2182 invicti
1364 2118 1636 2182 membra
1666 2117 1986 2202 Glyconis,

468 2204 719 2270 Nodosa
748 2227 967 2290 eorpus
996 2206 1150 2268 nolis
1181 2204 1499 2287 prohibere
1531 2205 1849 2288 cheragra.

468 2291 585 2356 Est
612 2292 872 2377 quadam
903 2291 1141 2376 prodire
1172 2297 1350 2354 tenus
1379 2290 1431 2354 si
1460 2312 1579 2353 non
1609 2289 1793 2355 datur
1820 2293 2002 2357 ultra.

465 2377 694 2442 Fervet
721 2378 974 2442 avaritia
1002 2377 1339 2460 miseroque
1372 2377 1651 2462 cupidine
1683 2384 1920 2462 pectus,

469 2462 628 2529 Sunt
658 2464 844 2529 verba
873 2472 936 2528 et
966 2485 1144 2527 voces
1175 2463 1391 2548 quibus
1420 2463 1583 2527 hunc
1617 2464 1808 2528 lenire
1837 2465 2107 2534 dolorem

464 2549 673 2616 Possis
706 2560 770 2615 et
799 2571 1078 2634 magnam
1108 2549 1298 2614 morbi
1329 2549 1634 2634 deponere
1665 2559 1918 2634 partem.

463 2636 693 2702 Laudis
722 2658 925 2701 amore
956 2645 1174 2715 tumes,
1206 2644 1349 2701 sunt
1379 2645 1550 2700 certa
1579 2638 1821 2722 piacula
1850 2659 2007 2724 quae
2040 2643 2103 2704 te

462 2721 586 2787 Ter
657 2745 766 2788 ure
797 2724 956 2787 lecto
988 2731 1270 2807 poterunt
1299 2744 1579 2787 recreare
1609 2724 1833 2787 libello.
1974 2804 1977 2808 ⁴

461 2747 739 2888 Invisus,
769 2810 1120 2887 iracundus,
1150 2810 1334 2887 inerS,
1367 2810 1631 2888 vinosus,
1663 2818 1917 2891 amator,

460 2894 661 2960 Nemo
693 2896 845 2960 adeo
876 2896 1041 2959 ferus
1072 2903 1166 2959 est
1195 2906 1265 2959 ut
1291 2917 1413 2959 non
1443 2896 1761 2961 mitescere
1795 2897 2005 2982 possit,

463 2978 532 3045 Si
562 2983 739 3046 modo
770 2984 1044 3047 culturae
1080 2983 1409 3066 patientem
1440 2983 1778 3047 commodet
1807 3005 2044 3048 aureme

458 3067 677 3132 'Virtus
708 3076 802 3132 est
833 3070 1043 3132 vit-ium
1073 3070 1285 3150 fugere
1318 3077 1381 3131 et
1409 3070 1707 3153 sapientia
1735 3071 1929 3154 prima

461 3151 737 3219 Stultitia
767 3155 1050 3219 caruisse.
1142 3155 1335 3218 Vides
1366 3177 1523 3240 quae
1555 3157 1812 3221 maxima
1842 3158 2042 3223 credis

457 3239 612 3306 Esse
642 3243 823 3322 mala,
855 3243 1137 3325 exiguum
1167 3263 1413 3305 censum
1444 3252 1803 3328 turpemque
1836 3246 2162 3331 repulsam,

458 3325 699 3402 Quanto
732 3329 963 3392 devites
994 3329 1174 3391 animi
1206 3330 1537 3413 capitisque
1568 3330 1791 3394 labore.

455 3411 727 3499 Impiger
757 3423 1055 3479 extremos
1086 3416 1277 3479 curris
1309 3425 1610 3481 mercator
1639 3417 1717 3480 ad
1748 3416 1957 3496 Indos,

454 3499 581 3564 Per
609 3523 776 3566 mare
809 3503 1156 3587 pauperiem
1185 3503 1447 3585 fugiens,
1481 3520 1589 3586 per
1618 3524 1787 3582 saxa,
1818 3525 1929 3588 per
1956 3505 2161 3590 ignes:

454 3584 556 3652 Ne
588 3609 768 3653 cures
797 3610 873 3653 ea
902 3610 1058 3672 quae
1090 3590 1273 3652 stulte
1307 3590 1539 3653 miraris
1571 3599 1635 3653 et
1663 3599 1836 3675 optas

452 3671 734 3756 Discere,
765 3683 830 3740 et
860 3675 1095 3754 audire,
1129 3684 1190 3738 et
1219 3675 1449 3738 meliori
1481 3676 1733 3741 credere
1763 3698 1882 3741 non
1916 3675 2059 3740 vis?

453 3759 604 3836 Quis
634 3761 863 3826 circum
894 3783 1080 3847 pagos
1111 3773 1174 3825 et
1204 3763 1430 3826 circum
1463 3764 1724 3848 compita
1753 3784 1999 3848 pugnax

451 3845 685 3932 Magna
714 3849 989 3913 coronari
1020 3856 1364 3912 contemnat
1397 3848 1705 3934 Olympia,
1737 3851 1835 3913 cui
1864 3871 2027 3934 spes,

450 3931 568 3998 Oui
597 3934 676 3998 sit
706 3935 977 4000 condicio
1009 3935 1201 3998 dulcis
1230 3936 1358 3998 sine
1391 3936 1641 4019 pulvere
1673 3937 1907 4020 palmae
1935 3935 1963 4000 ’ἑ

448 4019 650 4085 Vilius
681 4029 1002 4106 argentum
1033 4030 1125 4084 est
1154 4042 1323 4099 auro,
1356 4022 1677 4085 virtutibus
1707 4043 1943 4086 aurum.

447 4111 490 4145 “
520 4107 574 4171 Ο
607 4108 793 4186 cives,
825 4109 1011 4185 cives,
1042 4108 1391 4190 quaerenda
1420 4109 1679 4193 pecunia
1709 4110 1965 4195 primum
1997 4117 2127 4188 est;

446 4192 662 4257 Virtus
693 4202 828 4278 post
856 4194 1196 4257 nummos.’'
1291 4194 1468 4258 Haec
1498 4193 1542 4258 J
1546 4217 1697 4259 anus
1728 4218 1997 4260 summus
2028 4197 2104 4260 ab
2134 4197 2253 4264 imo

445 4278 772 4360 Perdocet,
803 4281 954 4345 haec
986 4281 1264 4344 recinunt
1281 4281 1543 4366 juvenes
1573 4281 1803 4346 dictata
1832 4303 2155 4370 senesque,

444 4364 649 4431 Laevo
679 4368 954 4451 suspensi
985 4367 1210 4431 loculos
1241 4369 1627 4452 tabulamque
1659 4369 1904 4432 lacert0.

444 4451 561 4517 Est
589 4454 825 4518 animus
857 4453 985 4531 tibi,
1018 4461 1160 4516 sunt
1188 4476 1384 4518 mores
1415 4463 1479 4518 et
1508 4455 1716 4538 lingua
1743 4456 2056 4540 fidesque;

446 4537 571 4602 Sed
601 4540 1061 4625 quadringentis
1093 4562 1199 4604 sex
1230 4550 1463 4625 septem
1496 4543 1655 4605 milia
1689 4542 1932 4619 desunt,

441 4624 625 4690 Plebs
655 4627 794 4690 eris.
886 4628 978 4691 At
1007 4627 1181 4712 pueri
1210 4628 1514 4708 ludentes,
1548 4634 1590 4666 “
1614 4631 1751 4693 Rex
1782 4628 1968 4707 eris‚”
2002 4630 2194 4712 aiunt,

440 4714 483 4749 ‘⁴
508 4709 575 4777 Si
604 4720 772 4777 reete
803 4713 1063 4778 facies.''
1157 4713 1278 4778 Hic
1307 4737 1516 4780 murus
1547 4720 1773 4781 aEneus
1804 4724 1957 4798 esto,

439 4796 549 4862 Nil
579 4800 845 4865 conscire
875 4800 1010 4880 sibi,
1038 4801 1206 4865 nulla
1235 4802 1565 4888 pallescere
1596 4803 1796 4888 eulpa.

439 4881 685 4968 Roscia,
715 4886 814 4952 dic
845 4886 1044 4967 sodes,
1076 4886 1285 4952 melior
1311 4888 1413 4953 lex
1440 4910 1520 4954 an
1549 4910 1874 4975 puerorum
1902 4894 2000 4955 est

2298 4304 2336 4332 0
