2900 6042
1185 1406 1199 1421 ’
1221 1412 1667 1460 EPISTULARUM

399 1565 501 1630 Sic
532 1588 646 1650 ego
698 1567 936 1652 majoris
966 1567 1202 1651 fugiens
1230 1568 1548 1651 opprobria
1571 1569 1784 1652 culpae

396 1653 634 1716 Frontis
668 1653 746 1717 ad
779 1653 1042 1717 urbanae
1074 1653 1359 1717 descendi
1390 1654 1674 1737 praemia.
1765 1652 1994 1728 Quodsi

396 1739 752 1823 Depositum
779 1739 991 1803 laudas
1020 1740 1094 1803 ob
1126 1740 1298 1803 amici
1321 1740 1496 1823 jussa
1528 1740 1841 1823 pudorem,

399 1822 609 1888 Scribe
641 1826 731 1889 tui
759 1826 963 1910 gregis
990 1826 1150 1890 hunc
1207 1832 1272 1890 et
1299 1826 1516 1889 fortem
1546 1826 1726 1889 crede
1757 1826 2118 1911 bonumque.

1010 2254 1637 2331 „EPISTOLA
1710 2257 1815 2322 X.

395 2427 610 2493 Unms
640 2436 966 2493 amatorem
995 2428 1259 2493 Fuscum
1293 2429 1528 2493 salvere
1547 2428 1831 2514 jubemus

393 2513 576 2579 Ruris
606 2523 924 2593 amatores,
954 2515 1067 2579 hac
1095 2515 1160 2579 in
1188 2535 1255 2579 re
1283 2516 1515 2580 scilicet
1548 2534 1672 2579 una

391 2601 655 2665 Multum
685 2602 1022 2681 dissimiles,
1052 2607 1118 2665 at
1145 2606 1392 2662 caetera
1422 2619 1616 2684 paene
1648 2596 1933 2682 gemelli;

389 2687 701 2752 Fraternis
730 2689 963 2767 animis,
994 2687 1279 2772 quidquid
1309 2693 1496 2770 negat
1526 2688 1681 2750 alter
1732 2692 1797 2750 et
1823 2687 2013 2767 alten

391 2772 731 2838 Annuimus
762 2775 988 2858 pariter
1020 2773 1205 2837 vetuli
1231 2774 1475 2856 notique
1507 2773 1783 2837 columbi.

391 2859 487 2922 Tu
518 2860 723 2923 nidum
753 2879 986 2937 servas3
1011 2880 1124 2943 ego
1159 2859 1337 2922 laudo
1368 2859 1525 2922 ruris
1554 2858 1787 2922 amoeni

390 2945 576 3008 Rivos
607 2952 670 3009 et
697 2967 903 3009 musco
933 2946 1267 3009 circumlita
1295 2965 1442 3009 saxa
1472 2965 1824 3028 nemusque.

393 3028 554 3102 Quid
583 3029 872 3115 quaeris?
961 3031 1119 3094 Vivo
1149 3039 1212 3094 et
1241 3052 1427 3112 regno
1480 3031 1654 3094 simul
1684 3031 1801 3094 ista
1827 3029 2045 3115 reliqui

393 3113 563 3188 Quae
594 3138 699 3180 vos
727 3116 805 3180 ad
833 3117 1066 3181 caelum
1097 3116 1266 3180 fertis
1297 3137 1533 3180 rumore
1564 3116 1865 3182 secundo:

394 3199 602 3285 thue
632 3203 961 3266 sacerdotis
988 3202 1276 3285 fugitivus
1300 3202 1420 3265 liba
1449 3223 1661 3266 recuso
1683 3222 1700 3278 ;

391 3286 560 3350 Pane
590 3308 739 3372 egeo
758 3289 887 3372 jam
916 3288 1154 3352 mellitis
1185 3288 1410 3371 potiore
1441 3288 1752 3372 placentis.

389 3372 618 3437 Vivere
649 3381 902 3438 naturae
932 3374 983 3438 si
1013 3375 1439 3439 convenienter
1468 3382 1706 3457 oportet

390 3458 834 3544 Ponendaeque
868 3461 1038 3525 domo
1069 3459 1411 3544 quaerenda
1446 3468 1539 3523 cst
1569 3481 1712 3524 area
1741 3459 2021 3544 primum,

389 3544 707 3609 Novistine
735 3548 931 3610 locum
964 3547 1252 3630 potiorem
1283 3568 1422 3609 rure
1451 3546 1630 3609 beato
1655 3546 1680 3609 ’ἓ

390 3631 504 3695 Est
530 3632 633 3696 ubi
664 3633 797 3715 plus
828 3639 1077 3716 tepeant
1107 3633 1355 3709 hiemes,
1386 3632 1489 3695 ubi
1520 3633 1747 3717 gratior
1775 3651 1926 3696 aura

387 3716 606 3781 Leniat
634 3728 697 3782 et
725 3718 950 3782 rabiem
986 3718 1167 3783 Canis
1197 3726 1260 3781 et
1288 3725 1589 3781 momenta
1629 3718 1869 3797 Leonis,

389 3802 542 3867 Cum
572 3805 756 3868 semel
787 3805 1024 3889 accepit
1051 3805 1236 3868 solem
1264 3803 1623 3867 furibundus
1662 3801 1953 3868 acutum?

388 3887 501 3953 Est
531 3890 634 3953 ubi
663 3890 910 3955 divellat
938 3912 1171 3954 somnos
1201 3891 1395 3953 minus
1423 3891 1629 3953 invida
1656 3889 1850 3954 cura?

386 3974 673 4040 Det-erius
704 3976 947 4077 Libycis
975 3978 1099 4040 olet
1127 3984 1233 4039 aut
1262 3978 1415 4040 nitet
1442 3977 1634 4040 herba
1661 3976 1876 4060 lapillis
1900 3974 1929 4038 ἲ

387 4059 602 4124 Purior
629 4063 692 4124 in
723 4063 866 4126 vicis
896 4083 1056 4146 aqua
1083 4062 1278 4125 tendit
1307 4084 1584 4146 rumpere
1616 4062 1923 4146 plumbum

387 4143 580 4218 Quam
611 4169 766 4230 quae
796 4170 906 4232 per
937 4170 1185 4232 pronum
1217 4149 1479 4232 trepidat
1509 4170 1645 4212 cum
1675 4168 1977 4212 murmure
2007 4144 2256 4212 rivum?

385 4230 623 4316 Nempe
654 4234 812 4297 inter
843 4235 1039 4298 varias
1069 4235 1335 4299 nutritur
1362 4235 1513 4298 silva
1542 4237 1867 4314 columnae,

386 4317 816 4404 Laudaturque
847 4320 1055 4384 domus
1107 4321 1314 4403 longos
1344 4342 1501 4404 quae
1533 4322 1815 4404 prospicit
1843 4339 2043 4403 agros.

385 4403 683 4468 Naturam
714 4407 976 4489 expellas
1005 4407 1198 4482 furca,
1232 4416 1430 4470 tamen
1463 4427 1653 4489 usque
1684 4413 1980 4485 recurret,

385 4488 468 4552 Et
495 4491 655 4555 mala
689 4501 1036 4574 perrumpet
1064 4493 1270 4555 furtim
1299 4492 1542 4556 fastidia
1569 4492 1805 4555 victrix.

381 4574 446 4637 N
448 4597 523 4638 on
576 4577 680 4660 qui
715 4575 957 4639 Sidonio
987 4578 1350 4641 contendere
1382 4579 1633 4642 callidus
1662 4585 1824 4642 ostro

383 4660 599 4724 Nescit
629 4661 996 4744 Aquinatem
1029 4665 1296 4746 potantia
1325 4666 1552 4729 vellera
1590 4664 1798 4728 fucum

383 4745 622 4810 Cei-tius
651 4749 906 4831 accipiet
934 4749 1214 4816 damnum
1247 4751 1605 4837 propiusque
1635 4752 1935 4831 medullis,

382 4830 575 4905 Quam
606 4834 708 4916 qui
739 4856 855 4896 non
886 4835 1107 4916 poterit
1136 4857 1276 4898 vero
1306 4836 1677 4921 distinguere
1707 4838 1946 4904 falsum.

382 4916 575 4991 Quem
603 4940 700 4983 res
732 4921 864 5004 plus
894 4921 1073 4984 nimio
1103 4921 1483 4988 delectavere
1515 4924 1841 5003 secundae,

396 1394 524 1460 19--1

2419 1591 2484 1640 10

2417 3224 2477 3272 10

2412 3653 2473 3701 15
