2900 6042
1089 1467 1220 1514 mn.
1268 1467 1315 1515 1.
1365 1466 1566 1514 EPIST.
1612 1465 1753 1514 xm.

406 1619 568 1697 Quid
599 1641 748 1705 pure
780 1621 1150 1704 tranquillet,
1179 1621 1366 1685 honos
1396 1643 1473 1685 an
1503 1621 1681 1685 dulce
1710 1620 2014 1698 lucellum,

404 1706 510 1771 An
541 1715 841 1771 secretum
870 1707 986 1770 iter
1015 1718 1078 1770 et
1106 1708 1367 1771 fallentis
1397 1709 1612 1771 semita
1646 1708 1824 1770 vitae.

406 1792 512 1857 Me
544 1793 777 1877 quoties
815 1793 1008 1856 reficit
1036 1794 1272 1876 gelidus
1327 1794 1616 1877 Digentia
1667 1794 1854 1870 rivae,

408 1877 604 1953 Quem
636 1878 923 1942 Mandela
951 1879 1122 1958 bibit,
1153 1894 1409 1962 rugosus
1438 1880 1661 1963 frigore
1693 1899 1907 1963 pagus,

408 1961 567 2039 Quid
599 1964 821 2027 sentire
854 1963 1079 2048 putas?
1120 1966 1264 2048 quid
1296 1967 1513 2043 credi3‚
1542 1966 1755 2043 amice,
1786 1962 2023 2049 precari
2049 1961 2077 2025 ’.Ρ

411 2049 507 2114 Sit
537 2051 679 2113 mihi
733 2050 891 2133 quod
922 2072 1082 2114 nune
1114 2062 1228 2129 est,
1259 2052 1440 2114 etiam
1473 2052 1691 2126 minus;
1721 2059 1785 2114 et
1814 2049 1959 2113 mihi
1987 2049 2185 2112 vivam

408 2133 583 2209 Quod
616 2146 890 2220 superest
919 2137 1075 2216 aevi,
1105 2138 1154 2200 si
1185 2137 1326 2220 quid
1358 2158 1674 2221 superesse
1709 2138 1918 2200 volunt
1948 2134 2050 2211 di;

411 2218 503 2285 Sit
535 2221 689 2284 bona
717 2222 1001 2285 librorum
1033 2231 1096 2286 et
1126 2224 1395 2306 provisae
1428 2223 1622 2306 frugis
1650 2224 1714 2285 in
1743 2242 1968 2285 annum

410 2305 621 2390 Copia,
664 2330 786 2372 neu
830 2307 1061 2371 fluitem
1094 2308 1311 2372 dubiae
1342 2330 1448 2393 spe
1482 2308 1778 2393 pendulus
1807 2308 2009 2371 horae.

412 2391 536 2456 Sed
565 2393 710 2457 satis
740 2401 834 2457 est
863 2414 1036 2457 orare
1065 2393 1109 2457 J
1111 2415 1283 2457 ovem
1336 2415 1494 2477 quae
1526 2394 1710 2456 donat
1738 2401 1801 2456 et
1830 2392 2070 2456 aufert:

406 2475 535 2543 Det
564 2480 770 2559 vitam,
807 2478 923 2560 det*
954 2498 1123 2564 epea,
1168 2499 1426 2563 aequum
1460 2479 1540 2542 mi
1570 2479 1832 2542 animum
1860 2477 1989 2562 ipse
2020 2473 2266 2561 parabo.

1019 2907 1569 2974 EPISTOLA
1631 2907 1872 2976 XIX.

407 3081 649 3148 Pmsco
681 3080 732 3146 si
762 3080 981 3162 credis,
1010 3081 1340 3147 Maecenas
1369 3079 1569 3161 docte,
1602 3079 1872 3162 Cratino,

410 3167 600 3233 Nulla
629 3169 866 3252 placere
897 3168 999 3232 diu
1029 3190 1142 3233 nec
1174 3169 1375 3232 vivere
1409 3167 1678 3232 carmina
1706 3175 1957 3253 possunt

411 3253 583 3329 Quae
613 3254 958 3318 scribuntur
985 3276 1178 3338 aquae
1210 3254 1535 3339 potoribus.
1627 3253 1721 3319 Ut
1749 3256 1904 3321 male
1933 3274 2112 3322 sanos

409 3340 756 3424 Adseripsit
786 3340 969 3404 Liber
1000 3339 1237 3425 Satyris
1267 3339 1613 3424 Faunisque
1645 3343 1855 3425 poetas

410 3424 577 3490 Vina
602 3427 730 3490 fere
761 3426 968 3490 dulces
998 3427 1277 3490 oluerunt
1305 3447 1480 3489 mane
1514 3425 1839 3489 Camenae.

411 3510 721 3576 Laudibus
749 3514 1025 3596 arguitur
1058 3513 1177 3575 vini
1210 3512 1447 3574 vinosus
1479 3511 1782 3574 Homerus
1808 3530 1826 3587 ;

413 3597 644 3663 Ennius
673 3598 799 3682 ipse
831 3606 1005 3682 pater
1032 3618 1340 3682 nunquam
1369 3597 1481 3660 nisi
1512 3604 1687 3680 potus
1718 3596 1796 3660 ad
1825 3617 1994 3662 arma

413 3683 699 3747 Prosiluit
729 3684 1006 3748 dicenda.
1041 3683 1322 3746 “Forum
1354 3683 1681 3765 putealque
1713 3681 1958 3746 Libonis

412 3768 719 3833 Mandabo
750 3770 947 3847 sicciS,
978 3769 1238 3833 adimam
1269 3775 1517 3830 cantare
1548 3766 1773 3830 severis
1797 3768 1865 3831 :'’

414 3855 550 3919 Hoc
583 3856 758 3918 simul
790 3854 949 3917 edixi
1000 3875 1121 3917 non
1153 3873 1467 3916 cessavere
1540 3854 1715 3916 oetae

414 3941 731 4006 Nocturno
763 3948 998 4003 certare
1028 3960 1216 4018 mero,
1246 3946 1460 4022 putere
1491 3874 1724 4002 diurno.

416 4027 601 4102 Quid,
632 4026 677 4089 si
714 4026 848 4110 quis
877 4025 1049 4088 vultu
1079 4033 1248 4088 torvo
1277 4024 1443 4088 ferus
1474 4030 1539 4088 et
1566 4024 1720 4109 pede
1750 4023 1914 4088 nudo

417 4112 814 4196 Exiguaeque
843 4118 1021 4195 togae
1050 4111 1291 4174 simulet
1320 4119 1554 4174 textore
1588 4111 1899 4188 Catonem,

416 4199 804 4262 Virtutemne
837 4204 1252 4282 repraesentet
1280 4219 1594 4281 moresque
1628 4195 1922 4262 Catonis?

420 4285 611 4369 Rupit
641 4284 929 4348 Iarbitam
961 4284 1301 4367 Timagenis
1331 4285 1567 4347 aemula
1596 4284 1825 4368 lingua,

420 4371 582 4436 Dum
613 4369 819 4434 studet
848 4371 1113 4434 urbanus
1143 4370 1456 4454 tenditque
1489 4370 1748 4433 disertus
1776 4368 2007 4433 haberi.

421 4456 666 4540 Decipit
695 4456 998 4540 exemplar
1031 4457 1186 4519 vitiis
1217 4456 1501 4519 imitabile
1527 4479 1543 4519 ε
1592 4452 1806 4539 quodsi

422 4543 722 4607 Pallerem
753 4563 897 4606 casu
946 4543 1222 4605 biberent
1250 4562 1554 4624 exsangue
1586 4542 1910 4605 cuminum.

426 4630 481 4692 O
515 4629 862 4706 imitator-ee,
893 4649 1133 4691 servum
1164 4649 1370 4711 pecus,
1401 4637 1471 4690 ut
1500 4627 1640 4690 mihi
1672 4648 1854 4710 saepe

429 4714 647 4792 Bilem,
677 4734 858 4798 saepe
879 4715 1084 4799 jocum
1115 4714 1295 4776 vestri
1324 4734 1564 4776 movere
1598 4711 1927 4778 tumultus!

427 4801 649 4865 Libera
677 4821 786 4884 per
816 4821 1071 4864 vacuum
1104 4799 1272 4883 posui
1304 4799 1558 4882 vestigia
1586 4799 1891 4883 princeps,

428 4886 573 4952 Non
602 4887 799 4951 aliena
828 4907 961 4950 meo
990 4886 1180 4971 pressi
1210 4885 1385 4969 pede.
1437 4884 1557 4959 Qui
1586 4885 1699 4948 sibi
1728 4884 1864 4948 fidit.

429 4972 575 5040 Dux
606 4979 783 5059 reget
808 4994 1084 5039 examen.
1175 4970 1387 5037 Parios
1414 4991 1532 5056 ego
1560 4972 1786 5057 primus
1813 4970 2042 5039 iambos

2364 1443 2491 1510 207

2398 1895 2483 1945 106

2400 2322 2489 2372 110

2298 3874 2499 3940 ,ιο

2445 4303 2504 4353 15
