2900 6042
1094 1446 1222 1493 LIB.
1257 1446 1304 1492 1.
1340 1444 1542 1493 EPIs'r.
1584 1445 1737 1494 1111.

376 1599 536 1676 Quid
567 1602 713 1665 velit
742 1608 806 1665 et
831 1600 1018 1686 possit
1046 1622 1248 1664 rerum
1279 1600 1600 1665 concordia
1628 1601 1876 1682 discors,

375 1686 772 1772 Empedocles
802 1709 879 1750 an
912 1686 1263 1751 Stertinium
1296 1688 1513 1751 deliret
1546 1709 1817 1752 acumen.

375 1773 607 1836 Verum
639 1795 745 1836 seu
777 1774 971 1857 pisces
1000 1796 1109 1837 seu
1139 1795 1379 1857 porrum
1411 1781 1476 1836 et
1505 1795 1690 1858 caepe
1721 1773 1988 1838 trucidas

375 1859 571 1924 Utere
605 1859 888 1942 Pompeio
922 1859 1218 1943 Grosph0‚
1251 1865 1314 1922 et
1343 1860 1390 1922 si
1423 1860 1566 1942 quid
1603 1869 1769 1943 petet
1820 1861 1979 1924 ultro

375 1946 605 2009 Defert
653 1947 734 2008 nil
771 1945 1080 2030 Grosphus
1109 1946 1223 2008 nisi
1255 1966 1463 2007 verum
1495 1947 1686 2009 orabit
1714 1952 1777 2010 et
1806 1967 2089 2030 aequum.

375 2031 531 2095 Vilis
563 2033 886 2096 amicorum
919 2040 1012 2095 est
1041 2052 1277 2094 annona
1329 2031 1497 2094 bonis
1527 2032 1630 2094 ubi
1659 2032 1803 2115 quid
1841 2032 2033 2097 deest.

375 2117 474 2181 Ne
507 2127 706 2181 tamen
737 2119 976 2200 ignores
1029 2139 1148 2201 quo
1180 2117 1258 2180 sit
1289 2118 1563 2181 Romana
1592 2119 1721 2182 loco
1752 2140 1888 2182 res:

376 2202 678 2267 Cantaber
706 2204 1036 2287 Agrippae,
1077 2203 1290 2267 Claudi
1323 2204 1546 2266 virtute
1579 2203 1840 2268 Neronis

373 2289 700 2354 Armenius
729 2289 984 2365 cecidit3
1019 2292 1123 2374 jus
1153 2289 1587 2373 imperiumque
1619 2289 1915 2354 Phraates

375 2374 650 2440 Caesaris
680 2377 915 2459 accepit
940 2376 1191 2458 genibus
1222 2396 1411 2438 mmor
1437 2395 1455 2450 ;
1499 2397 1684 2440 aurea
1709 2377 1919 2460 fruges

371 2459 587 2526 Italiae
617 2463 793 2548 pleno
825 2462 1104 2525 defundit
1137 2461 1326 2545 Copia
1354 2480 1561 2523 cornu.

962 2891 1527 2958 EPISTOLA
1599 2893 1872 2960 XIII.

373 3063 477 3130 ΠΤ
506 3064 982 3150 proficiscentem
1015 3065 1190 3130 docui
1221 3073 1280 3130 te
1311 3088 1491 3151 saepe
1530 3066 1754 3152 diuque

374 3150 654 3235 Augusto
686 3153 902 3217 reddes
932 3153 1170 3236 signata
1200 3153 1521 3232 volumina,
1555 3152 1725 3234 Vini,

379 3235 445 3301 Si
476 3238 729 3318 validus,
759 3239 808 3302 si
837 3239 1032 3302 laetus
1063 3240 1200 3320 erit,
1231 3239 1280 3303 si
1312 3240 1572 3323 denique
1603 3244 1842 3324 poscet3

375 3323 474 3387 Ne
503 3324 702 3388 studio
730 3325 915 3389 nostri
947 3346 1162 3409 pecces
1193 3326 1514 3409 odiumque
1545 3326 1758 3390 libellis

378 3409 636 3474 Sedulus
664 3412 947 3496 importes
976 3432 1161 3495 opera
1194 3414 1547 3476 vehemente
1579 3413 1868 3480 minister.

378 3494 444 3559 Si
474 3504 534 3560 te
563 3498 718 3561 forte
746 3516 916 3560 meae
948 3498 1148 3581 gravis
1177 3508 1315 3563 uret
1343 3498 1579 3562 sarcina
1607 3499 1878 3575 chartae,

375 3581 638 3666 Abjicito
670 3583 866 3667 potius
897 3605 1078 3667 quam
1131 3605 1249 3667 qno
1281 3584 1550 3668 perferre
1570 3582 1805 3667 juberis

374 3666 643 3733 Clitellas
670 3670 836 3733 ferus
863 3669 1182 3753 impingas,
1212 3670 1562 3752 Asinaeque
1594 3676 1913 3752 paternum

375 3751 719 3838 Cognomen
752 3762 954 3817 vertas
982 3755 1046 3817 in
1077 3755 1259 3817 risum
1289 3762 1353 3817 et
1380 3754 1585 3817 fabula
1612 3754 1745 3817 fias.

370 3840 621 3904 Viribus
649 3841 838 3903 uteris
868 3861 978 3923 per
1006 3841 1212 3918 clivos,
1243 3841 1510 3917 flumina,
1542 3840 1768 3916 lamas;

373 3925 587 3989 Victor
615 3926 896 4026 propositi
927 3925 1099 3988 simul
1130 3946 1202 3989 ac
1233 3926 1579 4009 perveneris
1607 3926 1773 4004 illuc,

375 4009 477 4075 Sic
508 4019 765 4095 positum
794 4012 1061 4075 servabis
1091 4033 1260 4088 οηιιε,
1290 4033 1367 4075 ne
1398 4011 1551 4075 forte
1581 4012 1692 4075 sub
1726 4012 1823 4075 ala

372 4098 752 4162 Fasciculum
783 4105 986 4181 portes
1013 4099 1298 4161 librorum
1328 4105 1399 4161 ut
1427 4098 1686 4162 rusticus
1718 4117 1965 4182 agnum,

376 4184 465 4249 Ut
493 4186 701 4247 vinosa
728 4185 955 4268 glomus
981 4184 1241 4248 furtivae
1273 4184 1534 4269 Pyrrhia
1562 4185 1759 4265 lanae,

374 4269 467 4335 Ut
496 4291 631 4334 cum
664 4271 875 4354 pileolo
904 4271 1098 4335 soleas
1128 4271 1381 4335 conviva
1421 4271 1674 4334 tribulis.

373 4356 473 4420 Ne
503 4358 683 4441 vulgo
712 4378 942 4434 ωτι-83,
975 4366 1035 4419 te
1068 4357 1375 4421 sudavisse
1406 4357 1659 4421 ferendo

373 4441 677 4522 Carmina,
707 4465 863 4528 quae
896 4444 1123 4527 possint
1151 4445 1353 4508 oculos
1382 4464 1679 4527 auresque
1709 4440 1933 4505 morari

376 4528 690 4606 Caesaris3
735 4536 941 4593 oratus
969 4531 1158 4592 multa
1187 4551 1368 4613 prece
1421 4529 1615 4592 nitere
1658 4548 1855 4612 porro.

378 4614 578 4696 Vade,
608 4616 766 4696 vale,
795 4636 943 4680 cave
971 4636 1049 4679 ne
1080 4616 1302 4680 titubes
1330 4615 1736 4700 mandataque
1766 4613 2037 4699 frangas.

1063 4870 1191 4938 1⁷·

2401 3860 2463 3910 1⁰

2399 4287 2462 4338 15
