2900 6042
227 1276 293 1343 154
441 1304 444 1309 ·
662 1288 849 1338 sarmarum

229 1446 350 1512 Primus
364 1445 396 1511 in
410 1446 490 1510 hunc
507 1445 606 1530 operis
620 1464 799 1530 componere
816 1442 949 1509 carmina
964 1464 1089 1525 morem,

228 1533 400 1598 Detrahere
416 1542 448 1596 st
462 1533 582 1617 pellem,
597 1531 711 1596 nitidus
727 1553 787 1616 qua
802 1532 928 1615 quisque
944 1551 1068 1614 perora

230 1619 373 1695 (lederet,
388 1620 550 1683 introrsum
562 1618 669 1702 turpis,
685 1640 757 1682 num
773 1616 894 1681 Laelius
909 1624 962 1680 aut
977 1617 1029 1701 qui
1240 1634 1274 1686 a„

229 1705 327 1770 Duxit
341 1707 379 1769 ab
394 1726 537 1789 oppressa
551 1706 692 1769 meritum
707 1704 899 1786 Karthagine
915 1724 1036 1783 nomen,

229 1792 358 1876 Ingenio
372 1792 475 1855 offensi
490 1799 544 1855 aut
558 1792 638 1854 laeso
654 1791 777 1855 doluere
792 1788 918 1852 Metello

228 1878 423 1963 Famosisque
439 1878 526 1961 Lupo
541 1885 681 1961 cooperto
696 1874 855 1939 versibus?
900 1874 998 1958 Atqui

229 1965 381 2029 Primores
397 1964 499 2048 populi
514 1964 641 2047 arripuit
655 1964 858 2047 populumque
876 1961 1022 2040 tributim,
1045 2015 1050 2023 .

231 2048 356 2115 Scilicet
370 2051 423 2113 uni
437 2070 552 2133 aequus
568 2049 672 2113 virtuti
686 2056 778 2132 atque
794 2050 859 2133 ejus
875 2046 989 2110 amicis.

230 2135 311 2211 Quin
325 2137 376 2199 ubi
392 2157 424 2199 se
440 2156 459 2198 a
474 2136 561 2218 volgo
576 2142 608 2198 et
622 2136 714 2199 sdena
728 2135 759 2197 in
775 2140 895 2198 secreta
909 2137 1062 2197 remorant

228 2222 338 2287 Virtus
355 2220 514 2305 Scipiadae
530 2228 562 2284 et
576 2221 655 2285 mitis
670 2221 818 2303 sapientia
832 2218 928 2298 Laeli,

229 2306 351 2391 Nugari
366 2328 434 2371 cum
448 2308 501 2371 illo
517 2315 549 2371 et
563 2307 701 2371 discincti
716 2306 822 2370 ludere
838 2306 933 2369 donec

229 2393 462 2479 Decoqueretur
476 2394 541 2457 olus
556 2393 644 2456 soliti.
692 2390 846 2476 Quidquid
862 2413 928 2454 sum
943 2411 1010 2475 ego,
1027 2388 1163 2476 quamvis

229 2479 316 2545 Infra
330 2480 428 2544 Lucili
443 2501 567 2543 censum
582 2479 809 2563 ingeniumque,
824 2484 926 2541 tamen
940 2497 988 2541 me

230 2565 308 2631 (lum
323 2567 440 2650 mugnis
458 2567 566 2629 vixisse
582 2566 676 2629 invita
690 2565 836 2628 fatebitur
850 2584 945 2647 usque

229 2652 360 2731 Invidia,
376 2660 407 2715 et
422 2652 521 2735 fragili
537 2672 685 2734 quaerens
699 2651 816 2714 illidere
831 2650 954 2712 dentem

232 2738 374 2803 Offendet
387 2739 481 2802 solido
495 2758 503 2813 ;
527 2738 584 2800 nisi
599 2737 671 2821 quid
687 2743 732 2814 tu,
748 2737 836 2800 docte
852 2735 986 2816 Trebati,

230 2823 416 2888 Dissentis.’'
461 2822 646 2906 “Equidem
660 2823 734 2886 nihil
748 2823 818 2886 hino
834 2821 989 2884 diffindere
1005 2841 1133 2904 possum.

232 2908 294 2974 Sed
310 2917 410 2973 tamen
424 2914 460 2979 ut
474 2910 603 2972 monitus
619 2930 739 2988 caveas,
754 2930 792 2972 ne
807 2909 886 2971 forte
902 2907 1005 2990 negoti

230 2994 365 3060 Incutiat
379 2995 433 3058 tibi
448 2994 521 3077 quid
536 3001 708 3057 sanctarum
722 2995 842 3058 inscitia
856 2996 977 3077 legum:

232 3079 267 3146 Si
281 3082 359 3145 mala
373 3080 543 3144 condiderit
558 3081 588 3143 in
604 3101 693 3164 quem
709 3082 777 3164 quis
792 3080 936 3158 carmina,
946 3080 999 3164 jus
1014 3086 1062 3143 cst

230 3165 479 3250 Judiciumque.”
525 3171 546 3203 “
557 3165 643 3245 Esto,
658 3167 684 3230 si
699 3167 766 3249 quis
782 3168 860 3229 mala
873 3186 881 3243 ;
904 3166 959 3230 sed
974 3163 1091 3231 bonosi
1106 3162 1174 3248 quis

230 3252 253 3318 J
254 3253 341 3316 udice
356 3252 526 3316 condiderit
541 3253 681 3317 laudatus
696 3251 853 3316 Caesare?
876 3252 901 3314 si
916 3252 983 3336 quis

232 3337 407 3422 Opprobriis
423 3338 547 3421 dignum
562 3338 730 3418 latraverit,
745 3339 865 3422 integer
878 3338 942 3421 ipss
956 3337 997 3400 ?”

230 3427 251 3461 “
264 3422 426 3488 Solventur
440 3425 503 3488 risu
518 3425 651 3504 tabulae,
667 3431 700 3488 tu
714 3425 823 3490 missus
839 3423 967 3489 abibis.’'

660 3688 867 3701 —a—

573 3906 579 3915 .
613 3843 807 3911 SATIRA
836 3845 893 3911 II.

231 4014 325 4089 Qusu
339 4014 435 4078 virtus
450 4019 482 4078 et
497 4019 622 4098 quanta,
637 4013 718 4090 boni,
733 4011 773 4076 sit
788 4012 889 4076 rivers
905 4033 1006 4097 parvo,

230 4101 264 4167 N
265 4122 300 4164 cc
315 4122 400 4164 meus
412 4100 460 4163 hie
475 4120 573 4164 sermo
588 4107 646 4178 est,
661 4097 715 4162 sed
731 4118 809 4182 quae
824 4100 982 4183 praecepit
998 4099 1100 4165 Ofella

231 4187 375 4251 Rusticus
390 4186 540 4250 abnormis
553 4185 671 4269 sapiens
686 4204 848 4268 crassaque
864 4184 1014 4267 Minerva,

230 4271 434 4351 Discite‚.n0n
449 4273 528 4335 inter
542 4273 644 4335 lances
658 4291 838 4354 mensasque
853 4272 985 4336 nitentes

231 4358 309 4424 (lum
324 4365 427 4442 stupet
440 4358 552 4421 insanis
568 4357 648 4421 acies
664 4357 831 4440 fulgoribus
846 4363 962 4423 etcum

229 4444 366 4509 Acclinis
381 4444 463 4507 falsis
475 4444 590 4506 animus
606 4444 728 4506 meliora
743 4452 874 4525 recusat,

230 4529 349 4595 Verum
363 4529 412 4592 hic
428 4530 571 4613 impransi
586 4551 705 4592 mecum
721 4530 888 4613 disquirite.
936 4529 999 4594 Cur
1012 4528 1095 4596 hoel

230 4614 340 4679 Dicam
355 4617 380 4680 si
395 4624 508 4699 potcro.
552 4615 634 4678 Male
651 4638 755 4692 verum
771 4618 921 4680 examinat
937 4617 1031 4682 omnis

232 4698 400 4784 Corruptus
410 4702 514 4801 judex.
559 4702 706 4785 Leporem
721 4709 855 4766 sectatus
870 4723 985 4787 equove

231 4783 344 4852 Lassus
358 4787 397 4852 ab
411 4786 567 4868 rudomitc,
581 4787 630 4851 rel
645 4787 671 4851 si
687 4788 824 4853 Romana
837 4788 947 4873 fatigat
