2900 6042
1345 1440 1540 1488 cnm.
1584 1441 1675 1489 v1.

808 1596 1065 1662 ‘Venena
1091 1617 1375 1680 magnum
1405 1597 1497 1660 fas
1524 1597 1814 1696 nefasque
1842 1618 1964 1662 non
1990 1597 2198 1662 valent

896 1681 1261 1746 Convertere
1291 1683 1611 1746 humanam
1642 1683 1868 1761 vicem3

805 1765 971 1831 Diris
1002 1788 1177 1850 agam
1208 1788 1353 1843 vos;
1383 1768 1519 1830 dira
1549 1768 1867 1832 detestatio

892 1852 1080 1915 Nulla
1110 1853 1385 1936 expiatur
1414 1854 1675 1916 victima.

807 1936 968 2010 Quin
1022 1938 1123 1999 ubi
1153 1939 1347 2020 perire
1367 1939 1573 2022 jussus
1604 1937 1990 2021 exspiravere

891 2022 1242 2085 Nocturnus
1272 2044 1582 2086 occurram
1611 2024 1808 2087 Furor

807 2105 1142 2191 Petamque
1176 2109 1372 2171 vultus
1403 2111 1615 2172 umbra
1642 2108 1842 2207 curvis
1869 2107 2193 2192 unguibus,

892 2192 1062 2266 Quae
1095 2195 1182 2255 vis
1212 2194 1460 2256 deorum
1492 2202 1585 2257 est
1610 2193 1902 2275 manium,

804 2276 891 2341 Et
918 2278 1199 2361 inquietis
1229 2279 1497 2342 assidens
1527 2279 1889 2362 praecordiis

891 2362 1125 2426 Pavore
1157 2384 1390 2427 somnos
1419 2365 1709 2427 auferam.

805 2446 936 2512 Vos
965 2450 1142 2511 turba
1171 2449 1411 2511 vicatim
1439 2449 1576 2512 hinc
1609 2456 1673 2512 et
1698 2449 1838 2512 hinc
1867 2447 2027 2513 saxis
2055 2453 2268 2535 petens

894 2533 1241 2597 Contundet
1266 2535 1596 2598 obscoenas
1626 2552 1818 2597 anus·
1800 2580 1818 2612 ,

807 2617 958 2683 Post
985 2619 1287 2702 insepulta
1313 2620 1584 2682 membra
1610 2619 1888 2683 different
1914 2616 2043 2702 lupi
2104 2656 2109 2661 ·

889 2703 976 2767 Et
1002 2703 1351 2786 Esquilinae
1382 2704 1595 2781 alites;

804 2786 1026 2873 Neque
1055 2788 1167 2851 hoc
1198 2794 1478 2872 parentes
1529 2789 1651 2853 heu
1678 2787 1828 2866 mihi
1850 2786 2204 2874 superstites

887 2873 1187 2958 Effugerit
1213 2875 1645 2964 spectaculum.

1158 3302 1617 3369 CARMEN
1674 3301 1834 3368 VI.

803 3473 972 3550 QUID
1000 3475 1382 3540 immerentes
1409 3475 1673 3559 hospites
1702 3494 1884 3540 vexas
1938 3473 2104 3541 canis

883 3561 1152 3661 Ignavus
1181 3562 1501 3625 adversum
1529 3562 1700 3644 lupos
1724 3558 1751 3621 2

801 3644 962 3720 Quin
988 3646 1152 3709 huc
1136 3668 1367 3725 manes,
1397 3646 1449 3708 si
1480 3652 1672 3729 potes,
1697 3645 1883 3709 vertis
1910 3644 2103 3711 minas

886 3730 971 3794 Et
997 3753 1093 3794 me
1125 3752 1527 3794 remorsurum
1555 3727 1759 3813 petis?

804 3815 969 3882 Nam
999 3816 1191 3898 qualis
1221 3824 1328 3879 aut
1356 3815 1654 3878 Molossus
1683 3821 1790 3878 aut
1816 3814 2016 3878 fulvus
2044 3812 2271 3901 Lacon,

887 3900 1109 3964 Amica
1129 3900 1218 3964 vis
1249 3900 1604 3984 pastoribuS,

798 3986 1004 4070 Agam
1034 4006 1145 4069 per
1173 3988 1325 4050 altas
1355 4006 1501 4049 aure
1528 3985 1763 4048 sublata
1791 3984 1960 4048 nives

887 4070 1298 4155 Quaecunque
1329 4071 1656 4155 praecedet
1681 4070 1848 4134 fera.

800 4156 916 4234 Tu,
977 4178 1116 4221 cum
1159 4158 1428 4221 timenda
1456 4177 1601 4221 voce
1632 4154 1944 4240 complesti
1969 4174 2181 4219 nemus

884 4242 1231 4327 Projectum
1260 4243 1526 4307 odoraris
1558 4242 1776 4306 cibum.

801 4324 988 4408 Cave,
1019 4349 1202 4392 cave:
1251 4350 1508 4417 namque
1539 4328 1601 4390 in
1629 4329 1816 4392 malos
1846 4324 2210 4410 asperrimus

893 4413 1120 4476 Parata
1147 4414 1288 4476 tollo
1319 4434 1565 4491 cornua,

803 4496 1011 4572 Qualis
1037 4498 1379 4582 Lycambae
1411 4460 1649 4580 spre’tus
1677 4495 1861 4561 infido
1890 4515 2082 4579 gener

827 4585 1021 4647 Aut
1049 4604 1191 4646 acer
1218 4584 1408 4647 hostis
1437 4582 1693 4666 Bupalo.

800 4667 908 4734 An
960 4669 1012 4733 si
1041 4650 1175 4752 quis
1205 4676 1335 4731 atro
1366 4669 1547 4731 dente
1569 4688 1666 4730 me
1697 4662 1979 4751 petiverit

882 4754 1124 4818 lnultus
1152 4759 1222 4818 ut
1247 4755 1401 4819 flebo
1430 4750 1629 4840 puer?

2421 1423 2545 1490 111

2478 2300 2543 2350 95

2446 2724 2541 2775 100

2479 4262 2540 4310 10

2483 4684 2539 4733 15
