2900 6042
1155 1479 1288 1526 ΗΒ.
1334 1478 1412 1526 11.
1460 1477 1664 1527 nms'r.
1708 1479 1787 1528 11.

449 1631 515 1697 N
514 1652 750 1696 errares
776 1630 1062 1697 medicis:
1115 1631 1277 1716 quod
1328 1638 1554 1716 quanto
1582 1631 1757 1717 plura
1786 1634 2012 1716 parasti

448 1717 642 1781 Tanto
672 1719 846 1802 plura
874 1719 1066 1803 cupis,
1099 1718 1323 1781 nulline
1356 1719 1604 1781 faterier
1634 1717 1873 1783 audes?

451 1800 518 1867 Si
549 1805 763 1866 vulnus
795 1805 900 1867 tibi
931 1811 1260 1866 monstrata
1289 1804 1493 1866 radice
1524 1804 1621 1866 vel
1650 1803 1839 1868 herba

449 1887 511 1951 N
514 1910 589 1952 on
618 1891 794 1952 fieret
821 1890 1035 1967 leviuS,
1065 1890 1308 1971 fugeres
1339 1890 1541 1952 radice
1577 1889 1672 1951 vel
1701 1888 1889 1954 herba

447 1972 806 2038 Proficiente
839 1975 981 2037 nihil
1013 1975 1299 2038 curarier.
1390 1974 1717 2051 AudieraS,
1749 1975 1848 2038 cui

446 2059 600 2122 Rem
631 2060 694 2122 di
723 2060 1017 2123 donarent
1069 2060 1152 2122 illi
1183 2059 1479 2123 decedere
1511 2080 1758 2143 pravam

450 2144 776 2208 Stultitiam
803 2165 820 2221 3
866 2153 930 2208 et
981 2166 1118 2208 cum
1148 2146 1228 2208 sis
1257 2145 1437 2208 nihilo
1466 2146 1791 2229 sapientior
1842 2166 1917 2209 ex
1946 2167 2067 2232 quo

445 2231 687 2294 Plenior
716 2252 804 2310 ee,
835 2239 1034 2294 tamen
1062 2231 1251 2294 uteris
1280 2231 1663 2293 monitoribus
1683 2229 1933 2303 isdem?

445 2315 536 2379 At
564 2317 616 2379 si
644 2317 889 2379 divitiae
923 2316 1278 2400 prudentem
1309 2315 1567 2379 reddere
1596 2324 1860 2399 possent,

448 2399 515 2464 Si
544 2401 826 2485 cupidum
857 2400 1245 2484 timidumque
1276 2401 1471 2463 minus
1500 2408 1587 2481 te·,
1614 2422 1831 2486 nempe
1856 2401 2114 2469 rubores

443 2486 701 2551 Viveret
725 2487 788 2549 in
818 2486 995 2550 terris
1023 2493 1085 2549 te
1114 2488 1165 2548 si
1194 2486 1327 2570 quis
1356 2486 1593 2548 avarior
1622 2507 1762 2548 uno.

448 2570 515 2635 Si
544 2572 848 2656 proprium
879 2578 974 2635 est
1024 2570 1184 2654 quod
1215 2571 1348 2654 quis
1377 2570 1531 2633 libra
1556 2576 1863 2634 mercatur
1890 2578 1954 2635 et
1979 2592 2145 2655 aere,

445 2656 781 2736 Quaedam,
810 2657 861 2720 si
892 2655 1089 2720 credis
1119 2655 1424 2735 consultis,
1455 2655 1759 2739 mancipat
1784 2676 1973 2735 usus;

445 2740 563 2816 Qui
593 2750 655 2806 te
685 2743 877 2827 pascit
906 2763 1054 2825 ager
1102 2748 1244 2805 tuus
1273 2749 1393 2819 est,
1417 2748 1483 2804 et
1509 2741 1741 2804 villicus
1773 2739 1946 2822 Orbi,

448 2826 603 2891 Cum
630 2835 870 2911 segetes
899 2834 1075 2890 occat
1102 2826 1209 2890 tibi
1237 2848 1374 2890 mox
1402 2825 1706 2890 frumenta
1734 2826 2002 2907 daturas,

1184 2912 1311 2975 Das
1340 2932 1632 2990 nummos,
1663 2912 1886 2996 accipis
1917 2934 2120 2994 uvam,

445 2998 671 3078 Pullos,
701 3018 835 3077 ova,
866 2997 1081 3061 cadum
1113 2997 1320 3060 temeti
1344 3019 1382 3073 εβ
1406 3018 1623 3080 nempe
1652 2997 1828 3061 modo
1854 2998 1971 3062 isto

444 3083 764 3147 Paullatim
793 3083 1077 3147 mercaris
1106 3103 1316 3166 agrum
1368 3082 1620 3145 fortasse
1650 3083 1937 3148 trecentis

442 3170 576 3232 Aut
604 3169 784 3232 etiam
813 3189 997 3252 supra
1023 3189 1396 3231 nummorum
1425 3168 1683 3232 millibus
1712 3174 1999 3254 emptum.

445 3252 604 3327 Quid
634 3254 823 3317 refert
876 3255 1041 3317 vivas
1069 3262 1382 3317 numerato
1411 3274 1604 3336 nuper
1632 3274 1710 3316 an
1740 3255 1879 3318 olim
1904 3252 1932 3318 ἲ

438 3333 696 3420 Emptor
723 3334 960 3398 Aricini
986 3335 1292 3420 quondam
1321 3335 1601 3400 Veientis
1629 3348 1693 3401 et
1719 3339 1851 3401 arvi

439 3421 731 3508 Emptum
758 3429 976 3486 coenat
1001 3424 1156 3504 olus,
1183 3423 1460 3507 quamvis
1486 3424 1666 3487 aliter
1694 3430 1876 3507 putat
1904 3441 1923 3500 ;
1968 3421 2190 3508 emptis

445 3505 572 3571 Sub
601 3515 838 3571 noctem
868 3508 1127 3591 gelidam
1157 3510 1334 3591 ligms
1364 3508 1687 3572 calefactat
1712 3516 1933 3576 aenum
1959 3509 1980 3587 ;'

444 3589 568 3656 Sed
598 3602 774 3657 vocat
801 3614 993 3677 usque
1021 3614 1217 3672 suum,
1247 3614 1369 3676 qua
1398 3595 1651 3678 populus
1681 3593 1878 3658 adsita
1907 3593 2091 3658 certis

440 3676 754 3741 Limitibus
785 3678 982 3741 vicina
1009 3678 1234 3761 refugit
1251 3679 1499 3762 jurgia:
1532 3686 1833 3762 tamquam

444 3761 539 3826 Sit
566 3764 866 3848 proprium
897 3763 1239 3848 quidquam,
1271 3771 1493 3847 puncto
1521 3763 1682 3847 quod
1710 3763 1941 3827 mobilis
1962 3763 2146 3828 horae

441 3847 623 3912 Nunc
654 3869 857 3932 prece,
887 3869 1047 3911 nunc
1079 3848 1293 3932 pretio,
1323 3868 1484 3910 nunc
1516 3849 1597 3927 vi,
1625 3869 1787 3913 nunc
1815 3855 2007 3914 morte
2034 3867 2317 3934 suprema

440 3933 756 3997 Permutet
784 3933 1051 3996 dominos
1080 3939 1144 3995 et
1172 3932 1352 3996 cedat
1379 3933 1440 3995 in
1470 3934 1662 3996 altera
1679 3935 1843 4017 jura.

443 4017 546 4082 Sic
578 4019 722 4103 quia
751 4026 1078 4102 perpetuus
1105 4018 1252 4080 nulli
1283 4018 1462 4081 datur
1490 4039 1657 4098 usus,
1688 4026 1752 4083 et
1778 4020 1955 4083 heres

440 4103 749 4167 Heredem
778 4103 1025 4167 alterius
1057 4104 1226 4167 velut
1251 4104 1416 4167 unda
1443 4105 1791 4188 supervenit
1817 4104 2064 4186 undam,

444 4188 604 4263 Quid
634 4189 751 4254 vici
782 4198 1030 4272 prosunt
1058 4196 1165 4252 aut
1193 4188 1460 4252 horrea?
1506 4190 1728 4274 quidve
1761 4188 2033 4256 Calabris

444 4274 708 4339 Saltibus
740 4275 961 4359 adjecti
992 4273 1243 4353 Lucani,
1274 4275 1324 4338 si
1353 4276 1527 4339 metit
1558 4274 1754 4339 Orcus

442 4359 712 4424 Grandia
742 4381 879 4424 cum
909 4361 1131 4444 parviS,
1162 4382 1281 4423 non
1311 4362 1625 4424 exorabilis
1654 4381 1802 4424 auro
1826 4359 1855 4424 ἳ

442 4444 749 4525 Gemmas,
777 4466 1057 4525 marmor,
1089 4446 1260 4522 ebur,
1290 4445 1608 4530 Tyrrhena
1635 4447 1852 4530 sigilla,
1884 4445 2163 4527 tabellas,

441 4530 806 4614 Argentum,
837 4538 1034 4594 vestes
1065 4529 1325 4594 Gaetulo
1355 4532 1581 4595 murice
1615 4533 1857 4609 tinctas,
1957 4581 1969 4595 .

443 4612 603 4680 Sunt
628 4617 734 4701 qui
761 4638 882 4679 non
908 4616 1192 4694 habeant,
1223 4623 1319 4679 est
1347 4616 1449 4700 qui
1480 4638 1601 4680 non
1632 4624 1806 4680 curat
1832 4615 2083 4682 habere.

441 4699 570 4765 Cur
599 4702 754 4766 alter
783 4702 1037 4765 fratrum
1069 4722 1307 4764 cessare
1338 4710 1402 4765 et
1428 4702 1640 4765 ludere
1672 4709 1737 4766 et
1768 4701 1917 4785 ungi

440 4785 759 4851 Praeferat
786 4786 1050 4850 Herodis
1081 4787 1357 4871 palmetis
1387 4788 1728 4871 pinguibus,
1759 4788 1916 4850 alter

438 4868 628 4937 Dives
656 4880 722 4937 et
746 4873 1118 4957 importunus
1149 4872 1226 4936 ad
1255 4873 1528 4935 umbram
1556 4872 1706 4937 lucis
1735 4872 1811 4936 ab
1840 4877 1978 4936 ortu

442 4955 795 5024 Silvestrem
821 4958 1174 5107 flammi39et
1195 4958 1356 5022 ferro
1383 4958 1620 5042 mitiget
1646 4978 1884 5043 agrum,

444 2913 532 2976 Te
561 2913 864 2976 dominum
892 2912 1092 2976 sentit.

2397 1467 2522 1535 221

2426 1914 2520 1965 150

2422 2337 2517 2389 155

2422 2763 2515 2816 Ιω

2421 3191 2513 3242 165

2419 3593 2511 3643 1⁷0

2420 4015 2513 4065 175

2420 4466 2514 4516 180

2424 4889 2517 4941 185
