2900 6042
193 1277 259 1343 142
624 1290 813 1339 sammua

193 1447 240 1514 Ut
254 1449 281 1513 si
296 1447 349 1533 qui
364 1452 504 1532 aegrotet
518 1466 579 1531 quo
592 1446 696 1512 morbo
710 1445 840 1525 Barrus,
854 1446 963 1515 baberi

193 1535 242 1600 Ut
257 1535 361 1620 cupiat
374 1534 534 1614 formosus,
549 1540 601 1597 eat
615 1553 797 1617 quacunque
813 1533 922 1617 puellis

193 1622 317 1706 Injiciat
331 1642 434 1685 euram
450 1620 617 1705 quaerendi
632 1620 764 1702 singula,
780 1620 863 1704 quali

195 1706 243 1771 Sit
259 1708 348 1788 facie,
363 1729 446 1786 sura,
462 1707 543 1789 quali
559 1705 649 1791 pede,
664 1706 769 1784 dente,
785 1705 912 1791 capillo:

195 1794 246 1858 Sic
262 1796 314 1880 qui
332 1795 480 1879 promittit
495 1794 587 1872 cives,
603 1793 709 1856 urbem
724 1791 782 1856 eibi
798 1813 903 1872 curae,

193 1881 359 1965 Imperium
373 1882 437 1944 soro
453 1886 485 1944 et
500 1879 631 1958 Italiam,
647 1879 775 1944 delubra
790 1878 927 1960 deorum,
1213 1900 1247 1954 ω

195 1968 264 2041 Quo
281 1975 367 2052 patre
382 1968 422 2030 sit
436 1974 538 2044 natus,
554 1987 626 2029 num
643 1966 750 2048 ignota
763 1973 861 2030 matre
876 1966 1063 2048 inhonestus,

194 2053 307 2118 Omnes
322 2054 464 2117 mortales
479 2074 587 2117 curare
603 2073 752 2136 quaerore
768 2053 858 2135 cogit.

192 2140 307 2203 “Tune
325 2139 406 2224 Syri,
424 2141 539 2203 Damae
555 2146 609 2202 aut
625 2138 752 2223 Dionysi
765 2139 857 2217 filius,
873 2136 970 2203 audes

193 2223 336 2309 Dejicere
352 2248 369 2289 e
385 2248 457 2290 saxo
473 2227 555 2290 cives
570 2235 624 2289 aut
639 2225 762 2289 tradere
778 2224 893 2289 Cadmo
903 2223 917 2288 l
929 2224 949 2257 ’³

193 2314 271 2375 “At
286 2312 403 2377 Novius
419 2314 535 2395 collega
551 2312 649 2396 gradu
666 2319 735 2396 post
749 2333 797 2375 me
813 2311 901 2376 sedet
914 2329 995 2386 uno;
1212 2335 1247 2385 ιο

193 2398 334 2482 Namque
350 2406 397 2462 est
410 2399 460 2461 illo
476 2410 562 2482 puter
576 2399 657 2482 quod
673 2407 741 2463 erat
755 2397 874 2462 meus.'’
919 2397 1020 2463 “Hoc
1034 2398 1089 2463 libi
1104 2398 1234 2465 Paullus

192 2484 236 2548 Et
250 2484 397 2549 Messalla
412 2482 547 2548 videris?
593 2487 639 2548 At
652 2486 713 2564 hio,
729 2486 755 2550 ei
769 2485 883 2570 plostra
896 2483 1029 2551 ducente

193 2570 442 2656 concurrantque
457 2573 522 2635 foro
538 2571 595 2634 tria
609 2572 719 2634 funera
733 2592 855 2654 magna,
870 2571 989 2636 sonabit

192 2656 314 2722 Cornua
329 2659 409 2743 quod
426 2659 586 2740 vincatque
603 2659 710 2734 tubas;
734 2660 841 2721 saltem
857 2665 943 2722 tenet
959 2658 1015 2723 hoe
1029 2656 1117 2723 nos-’⁸

192 2743 284 2809 Nune
300 2747 340 2809 ed
354 2768 402 2809 me
418 2745 510 2808 redeo
525 2745 664 2807 libertino
682 2750 769 2828 patre
784 2750 901 2825 natum,
1211 2765 1246 2817 aa

193 2829 292 2904 Quem
309 2833 420 2896 rodunt
435 2853 537 2894 omncs
552 2831 690 2893 libertino
706 2837 793 2915 patre
809 2838 925 2910 natum,
1021 2842 1026 2853 “

191 2916 296 2997 Nunc,
312 2920 383 3003 qnia
399 2941 464 2982 snm
481 2918 545 2995 tibi,
562 2917 739 2996 Maecenas,
755 2917 928 2997 convictor3
951 2922 984 2982 at
998 2916 1079 2998 olim,

192 3003 283 3078 Quod
298 3006 370 3066 mihi
386 3012 508 3089 pareret
524 3005 602 3087 logio
618 3005 755 3066 Romano
770 3003 898 3066 tribuno.

193 3090 347 3154 Dissimile
362 3091 418 3153 hoc
434 3092 475 3152 illi
492 3100 558 3168 cst3
583 3091 728 3174 quianon
743 3097 779 3153 ut
793 3090 879 3153 forsit
893 3090 1037 3155 honorem

190 3176 213 3240 J
215 3197 268 3239 ure
284 3176 356 3239 mihi
372 3177 505 3239 invideat
521 3178 617 3260 quivis
633 3179 722 3240 itate
739 3199 858 3262 quoque
874 3178 1016 3258 amicum,

191 3261 376 3359 Pgacsertim
392 3274 515 3326 cautum
530 3264 636 3342 dignos
651 3285 804 3327 assumere
822 3284 916 3348 prava

190 3348 364 3413 Ambitione
381 3351 493 3434 procul.
539 3350 672 3413 Felicem
688 3350 791 3413 dicere
807 3372 866 3414 non
881 3351 938 3416 hoe

190 3434 244 3499 Me
260 3459 379 3520 possum
396 3457 470 3499 casn
485 3437 565 3520 quod
582 3445 612 3500 te
627 3436 750 3500 sort-itus
765 3437 912 3514 amicum;

189 3521 286 3587 Nulla
301 3525 412 3587 etenim
429 3524 498 3585 milri
514 3533 544 3586 tc
560 3524 620 3586 fors
635 3523 760 3586 obtulit:
785 3524 913 3607 optimus
932 3522 1001 3586 olim

190 3608 349 3694 Virgilius,
365 3617 434 3694 post
447 3610 528 3673 hunc
545 3610 658 3673 Verius
674 3609 778 3672 (linere
795 3610 866 3693 quid
882 3630 990 3674 essem.

189 3695 236 3761 Ut
251 3697 319 3760 veui
334 3718 435 3760 eorem
450 3697 604 3779 singultim
619 3716 717 3779 pauca
734 3696 865 3776 locutus,

189 3782 296 3847 Infans
310 3804 440 3867 namque
456 3784 553 3868 pudor
568 3782 748 3867 prohibebat
764 3783 854 3864 plura
869 3780 996 3866 profari,

189 3867 262 3932 Non
277 3891 334 3953 ego
349 3891 396 3932 me
413 3871 494 3933 claro
509 3877 614 3933 natum
628 3876 729 3952 petre,
746 3888 805 3930 non
821 3889 878 3953 ego
893 3869 1008 3933 circum

188 3952 243 4017 Me
261 3954 440 4019 Satureiano
455 3956 570 4019 vectari
585 3975 657 4018 rura
672 3954 802 4033 caballo,

191 4037 254 4104 Sed
269 4041 349 4125 quod
364 4063 447 4105 eram
462 4063 562 4105 norro.
610 4040 837 4126 Respondeant
852 4044 922 4102 tuus
936 4045 984 4103 est
997 4059 1062 4104 moe

189 4127 307 4190 Pauca:
332 4127 406 4191 abeo
415 4148 423 4205 ;
447 4136 479 4191 et
494 4149 617 4191 revocas
632 4149 710 4190 nono
727 4136 794 4211 post
807 4145 911 4188 mense
922 4125 1075 4210 jubesque

189 4212 265 4276 Esse
281 4214 311 4276 in
326 4214 488 4277 amicorum
504 4234 639 4276 numero.
684 4213 834 4296 Magnum
848 4212 905 4275 hoc
920 4232 977 4296 ego
991 4211 1071 4276 duco

191 4298 282 4372 Quod
298 4302 397 4384 placui
414 4301 465 4364 tibi
482 4301 532 4384 qui
550 4301 629 4385 turpi
645 4302 778 4363 secernis
792 4300 964 4377 honestum,

188 4385 261 4449 Non
276 4395 362 4470 petre
378 4387 532 4470 praeclaro
548 4387 601 4449 sed
618 4386 681 4449 vita
695 4395 727 4449 et
741 4393 865 4471 pectore
881 4406 966 4470 puro.

188 4473 287 4557 Atqui
302 4473 328 4536 si
343 4474 421 4536 vitiis
436 4473 635 4537 mediocribus
651 4493 687 4536 ee
703 4494 770 4536 mea
787 4472 892 4557 paucis

189 4558 340 4623 Mendosa
356 4570 402 4622 eet
417 4567 526 4622 natura
541 4560 652 4644 alioqui
668 4567 764 4638 rocla,
780 4561 865 4622 velut
879 4558 905 4621 si

99 4669 119 4700 ·.
189 4645 323 4729 Egregie
338 4646 488 4730 inspersos
503 4646 708 4729 reprehendes
724 4666 849 4729 corpore
864 4664 996 4721 naeres3

190 4730 225 4796 Si
238 4752 338 4816 neque
354 4732 510 4796 avaritiam
525 4754 625 4816 neque
640 4732 745 4795 sordes
761 4739 817 4794 aut
830 4732 911 4794 mula
925 4730 1022 4795 lustra

191 4817 323 4903 Objioiet
337 4837 409 4883 vere
424 4818 583 4902 quiequam
595 4819 680 4901 mihi,
696 4839 790 4903 purus
807 4826 838 4881 et
852 4818 955 4881 insons
