2900 6042
960 1495 1093 1542 LIB-
1138 1494 1233 1542 IV.
1281 1495 1479 1542 cm.
1527 1497 1621 1543 lv.

954 1812 1423 1882 GARMEN
1468 1813 1625 1884 IV.

683 2157 959 2231 QUALEM
987 2152 1325 2219 ministrum
1351 2155 1616 2220 fulminis
1645 2156 1872 2241 alitem,

676 2243 793 2308 Oui
819 2262 928 2305 rex
956 2240 1203 2304 deorum
1234 2262 1487 2324 regnum
1514 2243 1579 2305 in
1608 2261 1967 2329 aves-vagas

766 2326 1051 2391 Permisit
1094 2333 1378 2409 expertus
1404 2326 1646 2390 fidelem

847 2410 893 2475 J
895 2409 1135 2494 uppiter
1162 2411 1225 2472 in
1260 2404 1621 2508 Ganymede
1648 2411 1825 2491 flavo,

683 2493 843 2560 Olim
860 2495 1144 2578 juventas
1171 2500 1238 2557 et
1258 2500 1495 2585 nutrius
1522 2494 1695 2576 vigor

680 2579 846 2645 Nido
872 2578 1142 2641 laborum
1168 2578 1432 2662 prophlit
1458 2577 1735 2659 inscium,

767 2662 1082 2746 Vernique
1124 2663 1254 2747 jam
1281 2662 1497 2726 nimbis
1524 2664 1767 2729 remotis

850 2747 1130 2812 Insolitos
1159 2746 1418 2812 docuere
1444 2748 1612 2813 nisus

677 2829 872 2898 'Venti
899 2838 1241 2916 paventem,
1268 2853 1407 2896 mox
1433 2833 1499 2897 in
1526 2832 1705 2898 ovilia

682 2917 942 2983 Demisit
966 2917 1200 2982 hostem
1226 2917 1463 2982 vividus
1488 2918 1771 3001 impetus,

764 3002 832 3065 N
831 3022 948 3066 uno
980 3002 1046 3065 in
1072 3003 1440 3068 reluctantes
1468 3003 1760 3068 dracones

854 3086 1005 3171 Egit
1030 3107 1198 3152 amor
1225 3087 1398 3172 dapis
1425 3094 1610 3172 atque
1639 3105 1925 3172 pugnae:

682 3171 1012 3248 Qualemve
1037 3172 1216 3237 laetis
1243 3192 1466 3257 caprea
1496 3173 1737 3257 pasou'm

684 3257 936 3324 Intents
960 3258 1161 3322 fulvae
1187 3259 1397 3322 matris
1425 3258 1503 3322 ab
1531 3258 1717 3322 ubere

763 3343 811 3409 J
810 3362 909 3408 am
935 3343 1093 3408 lacte
1124 3342 1437 3427 depulsum
1475 3343 1709 3407 leonem

856 3426 1059 3491 Dente
1086 3448 1241 3492 novo
1269 3429 1541 3511 peritura
1591 3428 1781 3493 vidit:

684 3510 916 3576 Videre
945 3512 1158 3576 Baetis
1183 3512 1345 3576 bella
1371 3512 1483 3576 sub
1512 3511 1772 3612 Alpibus

683 3595 953 3662 Drusum
981 3602 1291 3680 gerentem
1320 3596 1625 3661 Vindelici
1649 3597 1976 3684 ;—quibus

768 3679 907 3746 Mos
934 3681 1099 3744 unde
1127 3681 1423 3745 deductus
1451 3702 1563 3766 per
1590 3701 1765 3746 omne

857 3765 1008 3829 Tem
1047 3784 1120 3828 us
1148 3765 1480 3828 Amazonia
1506 3766 1703 3829 securi

685 3847 952 3913 Dextras
980 3870 1015 3912 o
1057 3855 1252 3913 armet
1300 3869 1594 3933 quaerere
1622 3850 1854 3933 distuli,

684 3932 824 3998 Nee
853 3934 1007 3998 seire
1036 3934 1130 3999 fas
1159 3940 1253 3998 est
1278 3935 1477 3998 omnia
1500 3935 1727 4012 3—sed
1754 3935 1863 4002 diu

769 4016 1046 4104 Lateque
1076 4019 1352 4084 victrices
1382 4026 1661 4085 catervae

861 4103 1136 4169 Consiliis
1154 4104 1405 4189 juvenis
1421 4105 1688 4170 revictae

686 4186 947 4254 Sensuro
999 4189 1145 4275 quid
1173 4211 1340 4254 meus
1371 4191 1510 4271 rite,
1533 4190 1678 4274 quid
1696 4190 1928 4257 indoles

689 4272 943 4339 Nutrita
968 4275 1181 4340 faustis
1207 4276 1318 4339 sub
1348 4276 1754 4361 penetralibus

771 4357 1008 4439 Posset,
1038 4360 1186 4444 quid
1210 4360 1481 4443 Augusti
1509 4369 1796 4442 paternus

861 4443 940 4508 In
971 4466 1188 4528 pueros
1216 4447 1448 4508 animus
1479 4446 1777 4509 Nerones,

690 4525 906 4592 Fortes
936 4536 1220 4592 creantur
1247 4529 1501 4594 fortibus
1528 4535 1594 4593 et
1619 4529 1834 4605 bonis3

692 4610 809 4678 Est
833 4613 898 4677 in
917 4613 1218 4699 juvencis,
1246 4614 1424 4678 estin
1454 4614 1625 4698 equis
1665 4619 1907 4698 patrum

777 4698 1017 4780 Virtus,
1043 4718 1243 4782 neque
1269 4698 1569 4768 imbellem
1596 4698 1830 4763 feroces

580 4815 585 4820 ·
865 4783 1284 4868 Progenerant
1308 4784 1545 4868 aquilae
1574 4782 1950 4851 columbam:

690 4865 988 4934 Doctrina
1012 4867 1120 4934 sed
1151 4868 1272 4934 vim
1299 4875 1610 4954 promovet
1632 4868 1899 4951 insitam,

698 4951 998 5040 Beotique
1027 4955 1229 5020 cultus
1252 4961 1503 5041 pectora
1527 4955 1852 5036 roboream

2266 2939 2329 2989 10

2270 3359 2332 3410 15
