2900 6042
619 1259 792 1308 cummim

403 1417 567 1501 Expugnat
577 1417 724 1500 juvenum
739 1413 852 1493 domos,

361 1502 452 1569 Pulso
467 1502 577 1586 Thyias
592 1501 637 1564 uti
652 1500 769 1564 concita
784 1505 937 1583 tympano.

404 1589 492 1652 Illam
508 1588 589 1670 cogit
603 1607 686 1650 amor
701 1584 796 1648 Nothi

362 1673 506 1739 Lascivae
521 1673 647 1736 similem
661 1670 766 1734 ludere
782 1689 926 1753 capreae:

404 1760 449 1823 Te
462 1760 549 1822 lanae
566 1778 658 1842 prope
673 1756 801 1819 nobilem

362 1845 478 1909 Tonsae
494 1843 664 1922 Luceriam,
679 1862 739 1904 non
754 1841 889 1904 citharae
914 1838 1037 1920 docent,

404 1929 472 1992 Nec
485 1929 539 1992 flos
554 1948 722 2012 purpureus
736 1946 822 1989 rosae
1201 1944 1236 1994 ιε

361 2014 430 2080 Nec
444 2015 506 2100 poti
532 2015 663 2077 vetulam
689 2012 774 2076 faece
789 2019 879 2074 tenus
893 2009 972 2074 cedi.

526 2431 756 2501 GARMEN
784 2429 903 2496 XVI.

407 2777 574 2840 Incuusnu
589 2775 717 2839 Danaen
732 2773 822 2838 turris
838 2775 936 2838 aenea

409 2862 621 2946 Robustoeque
636 2861 717 2924 fores
744 2868 776 2924 et
790 2860 913 2943 vigilum
927 2878 1036 2925 canum

408 2945 521 3010 Tristes
539 2946 681 3010 excubiae
696 2947 868 3010 munierant
881 2945 954 3010 satis

451 3031 614 3095 Nocturnis
630 3032 667 3095 ab
682 3031 838 3111 adulteris,

412 3113 446 3179 Si
459 3138 518 3179 nou
532 3118 685 3181 Acrisium
709 3117 833 3200 virginis
853 3115 972 3180 abditae
1216 3137 1233 3188 ι

409 3199 572 3265 Custodem
586 3202 727 3286 pavidum
752 3202 896 3288 Juppiter
916 3209 950 3267 et
962 3200 1074 3266 Venus

409 3284 569 3365 Risissent,
601 3288 665 3351 fore
681 3290 761 3352 euim
775 3296 874 3352 tutum
888 3289 947 3352 iter
961 3293 994 3353 et
1007 3293 1114 3372 putens

454 3371 604 3437 converso
619 3375 650 3437 in
663 3377 793 3457 pretium
808 3373 875 3437 deo.
987 3427 989 3432 ,

410 3456 530 3522 Aurum
546 3481 601 3544 per
614 3460 728 3524 medios
742 3459 786 3523 ire
800 3460 945 3523 satellites

410 3544 453 3608 Et
466 3566 659 3631 perrumpere
675 3553 756 3609 amat
770 3565 843 3608 saxa
856 3543 1008 3628 potentius
1202 3543 1235 3593 ¹⁰

410 3630 480 3695 Ictu
494 3632 657 3695 fulminco:
681 3629 812 3695 concidit
825 3630 949 3714 auguris

451 3716 561 3798 Argivi
575 3717 679 3780 domus
705 3716 742 3780 ob
757 3717 874 3779 lucrum

410 3801 558 3865 Demerea
572 3803 680 3878 exitio;
704 3800 811 3865 diffidit
821 3801 940 3864 urbium

410 3887 519 3950 Portas
534 3887 580 3948 vir
593 3886 723 3950 Macedo
749 3894 781 3950 et
798 3887 916 3950 subruit
932 3887 1064 3953 aemulos

411 3973 514 4052 Reges
527 3972 699 4034 muneribus
712 3992 720 4048 ;
743 3993 868 4036 munera
882 3972 1003 4036 navium
1205 3993 1237 4042 15

457 4053 569 4118 Saevos
583 4055 747 4139 illaqueant
761 4057 864 4122 duces.

412 4141 606 4206 Crescentem
621 4143 756 4226 sequitur
770 4165 844 4207 cura
857 4144 1016 4227 pecuniam

412 4228 621 4312 Majorumque
636 4228 740 4292 fames.
784 4229 861 4293 Jure
877 4228 1034 4312 perhorrui

411 4315 488 4379 Late
504 4314 696 4397 conspicuum
710 4315 815 4379 tollere
831 4317 986 4395 verticem,

453 4399 627 4479 Maecenas,
643 4401 776 4485 equitum
792 4402 895 4465 docus.
1205 4418 1238 4471 ac

413 4485 532 4561 Quanto
547 4487 673 4570 quisque
689 4488 745 4550 sibi
760 4488 847 4571 plura
861 4486 1030 4569 negaverit,

411 4573 461 4635 Ab
477 4572 523 4636 dis
537 4574 625 4656 plura
639 4573 738 4636 feret:
761 4574 803 4636 nil
818 4572 1002 4655 cupientium

412 4655 522 4721 Nudus
538 4667 637 4722 castra
651 4665 721 4742 peto
748 4666 785 4740 et
795 4658 953 4741 transfuga
967 4658 1094 4723 divitum

455 4741 563 4809 Partes
577 4745 712 4828 linquere
728 4745 835 4827 gestio,
