2900 6042
240 1246 304 1326 128
664 1275 850 1324 armannum

240 1432 373 1497 Nomina
387 1436 522 1495 sectatur
536 1430 624 1495 modo
640 1438 761 1516 sumpta
777 1437 860 1494 veste
878 1429 954 1495 virili

242 1518 305 1582 Sub
322 1518 456 1603 patribus
472 1517 555 1581 duris
571 1518 709 1581 tironum.
756 1517 901 1596 Maxime,
916 1517 984 1649 puis
998 1541 1070 1600 non,

240 1605 262 1670 J
265 1603 397 1689 uppitcr!
423 1605 571 1667 exclamat
585 1605 672 1667 simul
688 1612 779 1688 atquo
795 1604 931 1667 audivit.
980 1604 1024 1669 At
1039 1606 1071 1670 in
1085 1628 1119 1671 se

241 1691 301 1755 Pro
316 1698 445 1775 quaestu
460 1698 611 1773 sumptum
627 1691 701 1753 facit
716 1691 776 1754 hic.
821 1689 883 1752 Vix
900 1691 1026 1755 credere
1041 1695 1137 1777 possis

240 1778 338 1851 Quam
353 1778 408 1840 sibi
424 1798 483 1839 non
498 1776 538 1839 sit
552 1777 677 1855 amicus,
692 1777 735 1839 ita
750 1785 784 1839 ut
799 1783 886 1860 pater
901 1777 950 1840 ille
966 1776 1090 1844 'ferenti

240 1864 356 1928 Fabula
371 1884 462 1946 quem
477 1863 619 1925 miserum
634 1871 726 1945 gnato
743 1864 851 1926 vixisse
867 1864 973 1945 fugato

239 1951 363 2014 Inducit
377 1971 436 2013 non
452 1971 484 2012 se
501 1950 586 2032 pejus
602 1950 785 2012 cruciaverit
799 1958 890 2032 atque
906 1950 963 2012 hic.

242 2035 276 2100 si
290 2037 357 2120 quis
372 2057 451 2098 nunc
468 2042 606 2117 quaerat,
623 2033 689 2107 Quo
704 2058 754 2099 res
769 2037 844 2098 lraec
861 2036 1016 2118 pertinet?
1038 2037 1130 2103 illno:

239 2122 320 2186 Dum
338 2123 434 2184 vitant
450 2122 534 2183 stulti
550 2122 622 2183 vitia
636 2122 666 2184 ia
682 2122 834 2184 contraria
848 2131 983 2185 currunt

239 2208 386 2271 Maltinus
402 2208 510 2271 tunicis
526 2208 662 2270 demissis
677 2209 832 2283 ambulat3
856 2209 970 2291 estqui

239 2294 360 2377 Inguen
375 2293 413 2356 ad
429 2295 608 2357 obscoenum
624 2295 780 2357 subductis
795 2316 891 2377 usque
906 2295 1046 2372 facetus3

239 2380 379 2444 Pastillos
397 2380 525 2442 Rufillus
540 2380 612 2458 olet,
628 2379 799 2464 Gorgonius
814 2381 939 2443 hircum.

239 2467 292 2532 Nil
308 2467 439 2529 modium
456 2477 511 2529 est.
560 2465 638 2529 Sunt
653 2469 704 2550 qui
720 2469 816 2530 nolint
832 2467 967 2547 tetigisse
982 2467 1039 2532 nisi
1053 2468 1121 2534 illas

240 2553 374 2628 Quarum
390 2553 515 2616 subsuta
531 2554 606 2615 talos
622 2560 708 2635 tegat
722 2554 826 2617 instita
840 2564 947 2631 veste3

240 2639 353 2703 Contra
368 2639 443 2702 alius
459 2641 570 2702 nullam
586 2640 642 2701 nisi
658 2641 750 2702 olenti
765 2641 795 2702 in
811 2641 925 2704 fornice
940 2646 1079 2704 stantem.

239 2725 369 2800 Quidam
384 2736 472 2788 notus
487 2727 573 2787 homo
589 2746 657 2787 cum
674 2728 771 2789 exiret
786 2728 910 2805 fornico,
926 2733 945 2765 “
954 2726 1058 2792 Macte

239 2811 362 2875 Virtute
379 2811 475 2883 esto,'’
494 2812 590 2894 inquit
605 2814 756 2876 sententia
771 2813 820 2876 dia
836 2812 967 2876 Catonis.

239 2897 319 2960 Nam
335 2899 420 2959 simul
438 2920 472 2959 ac
490 2921 581 2960 vonas
597 2898 711 2960 inflavit
727 2909 807 2962 tetra
822 2900 912 2963 libido

239 2983 310 3047 Huc
321 2985 450 3066 juvenes
467 3006 595 3066 aequum
612 2996 659 3046 est
674 2986 871 3064 descendere,
887 3008 945 3048 non
961 2985 1075 3051 alienas

239 3068 411 3133 Permolere
427 3093 543 3132 uxores.
590 3071 723 3133 “Nolim
741 3072 924 3150 laudarier,''
941 3073 1050 3155 inquit,

239 3160 259 3192 “
277 3154 327 3219 Sic
343 3155 423 3233 me,”
440 3157 564 3218 mirator·
580 3159 670 3219 cunni
687 3157 872 3241 Cupiennius
888 3159 958 3221 albi.

239 3242 358 3305 Audire
375 3253 421 3304 cst
436 3264 544 3324 operae
562 3245 701 3325 pretium,
717 3245 882 3327 procedere
898 3259 982 3307 recte

239 3326 297 3401 Qui
314 3330 451 3390 moechos
467 3352 524 3390 nou
542 3331 642 3406 vultis,
659 3341 693 3392 ut
708 3331 788 3392 omni
804 3339 889 3414 parte
906 3331 1043 3395 laborent
1055 3351 1074 3415 ς,

238 3413 343 3498 thue
360 3415 417 3477 illis
433 3416 525 3477 multo
541 3424 684 3499 corrupta
699 3417 801 3479 dolore
817 3418 966 3499 voluptas,

238 3502 342 3585 Atque
358 3502 433 3563 hacc
449 3522 528 3569 rara,
545 3503 634 3564 cadat
649 3502 727 3563 dura
742 3503 821 3565 inter
835 3524 925 3585 saepe
941 3501 1063 3585 pericla.

238 3587 298 3650 Hic
315 3609 346 3650 se
362 3587 556 3670 praecipitem
574 3599 652 3649 tecto
668 3587 772 3663 (lodit3
796 3590 844 3650 ille
860 3590 986 3670 flagellis

238 3673 290 3735 Ad
306 3682 430 3735 mortem
448 3695 575 3747 caesus;
600 3675 718 3754 fugiens
735 3676 783 3737 hic
800 3675 914 3737 decidit
930 3696 1032 3738 acrem

239 3758 428 3831 Braedonum
444 3760 474 3820 in
491 3760 625 3834 turbam3
650 3761 734 3822 dedit
749 3761 797 3822 hic
813 3783 867 3844 pro
883 3783 1007 3843 corpore
1022 3779 1174 3838 nummos3

238 3843 330 3907 Hunc
347 3844 573 3926 perminxerunt
588 3847 727 3921 calones;
752 3848 824 3929 quin
840 3848 930 3910 etiam
949 3846 1023 3909 illud

238 3930 372 4006 Accidit,
387 3937 421 3991 ut
436 3930 556 4010 quidam
574 3940 666 3994 testes
681 3933 869 4015 caudamque
885 3934 1015 3996 salacem

238 4014 415 4078 Demotorot
429 4018 518 4077 ferro.
563 4017 584 4078 J
587 4040 641 4080 uro
658 4039 781 4093 omnes3
806 4019 904 4082 Galba
919 4020 1058 4102 negabat

238 4101 344 4164 Tutior
359 4112 390 4164 at
405 4113 517 4184 quanto
532 4124 615 4163 merx
631 4114 678 4166 est
693 4105 722 4166 in
739 4107 834 4167 classo
850 4107 994 4185 secunda,

238 4186 460 4250 Libertinarum
475 4188 553 4266 dico,
570 4186 731 4253 Sallustius
747 4192 777 4252 in
792 4213 867 4274 quas

238 4272 309 4336 Non
324 4273 421 4336 minus
436 4275 546 4336 insanit
562 4296 651 4357 quam
667 4278 717 4358 qui
733 4279 916 4340 moechatur.
961 4278 1007 4342 At
1021 4277 1069 4341 hio
1085 4278 1111 4341 si

239 4356 307 4431 Qua
322 4380 382 4436 ros,
397 4382 457 4443 qua
473 4361 547 4422 ratio
562 4362 716 4440 suaderet,
732 4384 851 4446 quaque
867 4364 1002 4428 modeste

238 4444 383 4508 Munifico
399 4467 464 4508 esse
481 4446 563 4522 lieet,
575 4450 666 4510 vellet
680 4449 776 4512 bonus
791 4459 883 4532 atque
899 4451 1048 4532 benignus

239 4530 327 4608 Esse,
343 4531 430 4594 daret
445 4541 591 4614 quantum
607 4535 680 4596 satis
696 4543 847 4597 essetnec
863 4536 920 4597 sibi
935 4535 1044 4599 damno

239 4615 449 4700 Dedecoriquo
466 4618 553 4679 foret.
599 4619 716 4682 Verum
732 4621 787 4683 hoc
804 4643 836 4684 so
852 4621 1045 4704 amplectitur
1059 4643 1132 4701 uuo,

239 4701 309 4765 Hoc
325 4710 406 4764 amat
421 4710 452 4765 et
467 4703 588 4766 laudat:
612 4711 632 4742 ‘⁶
642 4705 813 4769 Matronam
828 4708 940 4769 nullam
956 4728 1014 4791 ogo
1029 4707 1152 4791 tango.”

239 4787 285 4853 Ut
299 4788 448 4871 quondam
466 4787 636 4869 Marsaeus,
651 4801 767 4855 amator
783 4792 917 4875 Originis
931 4794 994 4873 ille,
