2900 6042
472 1339 599 1405 196
1284 1355 1737 1403 amemur-zm

471 1508 534 1573 N
540 1530 634 1590 ec,
663 1509 715 1573 si
745 1517 804 1573 te
837 1509 1068 1572 validus
1089 1508 1414 1594 jactaverit
1442 1506 1679 1572 Auster
1707 1508 1769 1571 in
1799 1508 1946 1586 alto,
2490 1527 2550 1578 u

471 1594 710 1659 Idcirco
740 1617 952 1658 navem
983 1603 1148 1658 trans
1182 1595 1498 1678 Aegaeum
1527 1615 1691 1658 mare
1722 1594 1968 1658 vendas.

473 1680 767 1744 Incolumi
798 1681 1040 1744 Rhodos
1071 1690 1134 1743 et
1164 1681 1457 1766 Mytilene
1493 1682 1742 1764 pulchra
1766 1681 1912 1744 facit
1962 1679 2125 1766 quoi

472 1765 746 1829 Paenula
774 1767 1045 1842 solstitio,
1077 1788 1208 1830 cam
1251 1780 1408 1830 estre
1439 1767 1732 1830 nivalibus
1771 1765 1955 1845 aut-ie,

472 1850 598 1915 Per
624 1852 897 1914 brumam
925 1852 1177 1930 Tiberis,
1258 1853 1422 1915 extili
1450 1873 1654 1916 mense
1688 1853 1974 1915 caminus.

464 1936 637 2017 ‚Dum
667 1938 812 2000 licet
841 1958 911 2000 ac
942 1939 1170 2000 vultum
1202 1946 1404 2001 servat
1430 1939 1672 2001 fortuna
1711 1938 2060 2020 benignum,
2488 1961 2549 2009 gc

471 2021 699 2086 Romae
730 2023 1009 2086 laudetur
1041 2022 1248 2086 Samos
1281 2032 1344 2086 et
1374 2022 1554 2086 Chios
1586 2032 1649 2087 et
1676 2023 1920 2087 Rhodos
1957 2023 2193 2087 absens.

471 2107 566 2171 'l‘u
619 2128 1039 2192 quamcunque
1086 2110 1234 2172 deus
1266 2110 1372 2172 tibi
1402 2110 1797 2172 fortunaverit
1825 2109 2032 2172 horam

479 2192 673 2257 Grata
701 2215 868 2257 sume
897 2215 1100 2273 manu,
1130 2216 1249 2257 neu
1279 2195 1478 2258 dulcia
1506 2195 1678 2258 differ
1704 2196 1768 2257 in
1797 2215 2043 2277 annum,

475 2277 570 2342 Ut
622 2301 982 2363 quocunque
1026 2280 1156 2344 loc'o
1185 2280 1371 2343 fueris
1423 2282 1637 2344 vixisse
1668 2281 1923 2344 libenter

472 2363 561 2428 Te
593 2365 793 2429 dicas:
839 2387 976 2428 nam
1007 2367 1055 2428 si
1089 2367 1237 2429 ratio
1266 2373 1330 2429 et
1357 2366 1677 2450 prudentia
1706 2386 1903 2446 curas,
2487 2385 2552 2434 25

475 2448 619 2513 Non
647 2452 813 2515 locus
844 2452 1011 2514 effusi
1040 2452 1158 2515 late
1189 2452 1369 2515 maris
1399 2451 1623 2514 arbiter
1653 2452 1871 2530 aufert,

475 2532 726 2600 Caelum
776 2558 895 2600 non
925 2537 1182 2600 animum
1211 2544 1447 2601 mutant
1500 2538 1601 2620 qui
1631 2545 1798 2601 trans
1826 2558 1991 2601 mare
2021 2541 2294 2601 currunt.

476 2618 739 2686 Strenua
766 2644 874 2686 nos
904 2630 1149 2686 exercet
1176 2623 1429 2699 inertia;
1473 2623 1726 2686 navibus
1754 2630 1937 2708 atque

473 2706 795 2791 Quadrigis
826 2709 1080 2792 petimus
1111 2708 1261 2772 bene
1293 2709 1516 2772 vivere.
1608 2707 1783 2782 Quod
1812 2709 1967 2793 petis
2016 2706 2114 2771 hic
2145 2713 2261 2788 est,

471 2792 590 2857 Est
620 2793 887 2875 Ulubris,
919 2795 1151 2858 animus
1179 2795 1229 2858 si
1259 2802 1318 2858 te
1348 2816 1470 2858 non
1498 2794 1703 2858 deficit
1729 2815 1978 2879 aequus.
2488 2812 2551 2860 ao

1073 3218 1647 3285 EPISTOLA
1728 3219 1951 3288 XII.

472 3393 838 3458 FRUc'rIBUS
869 3392 1180 3477 Agrippae
1214 3391 1429 3458 Siculis
1481 3413 1630 3477 quos
1660 3393 1907 3477 colligis,
1938 3393 2088 3475 Icci,

479 3477 546 3544 Si
576 3487 741 3543 recte
769 3481 987 3544 frueris
1039 3501 1157 3542 non
1188 3487 1281 3543 est
1308 3486 1378 3543 ut
1405 3479 1579 3563 copia
1606 3480 1794 3564 major

472 3565 577 3629 Ab
605 3565 761 3629 Jove
792 3565 998 3629 donari
1030 3566 1215 3650 possit
1244 3566 1371 3629 tibi.
1462 3566 1630 3629 Tolle
1660 3566 1971 3649 querelas:

474 3649 718 3735 Pauper
747 3651 901 3714 enim
931 3672 1049 3714 non
1080 3659 1174 3715 est
1224 3652 1321 3715 cui
1350 3672 1552 3714 rerum
1582 3651 1847 3735 suppetit
1874 3672 2040 3715 usus.

477 3735 545 3800 Si
577 3737 772 3801 ventri
799 3737 974 3815 bene,
1006 3737 1055 3800 si
1087 3737 1264 3800 lateri
1292 3745 1385 3801 est
1413 3736 1784 3820 pedibusque
1814 3737 1955 3820 tuis,
1983 3737 2070 3802 nil
2519 3755 2553 3805 5

475 3822 738 3888 Divitiae
762 3829 1044 3906 poterunt
1074 3822 1308 3905 regales
1336 3822 1560 3886 addere
1591 3823 1805 3907 majus.

479 3907 545 3972 Si
574 3909 725 3972 forte
779 3909 842 3971 in
870 3908 1064 3972 medio
1094 3908 1416 3992 positorum
1447 3908 1770 3972 abstemius
1820 3907 2022 3972 herbis

476 3993 647 4056 Vivis
679 4000 743 4057 et
771 3994 989 4073 urtica,
1018 3995 1104 4057 sic
1134 3995 1301 4057 vives
1329 3994 1594 4078 protinus
1648 4002 1719 4056 ut
1748 4001 1808 4058 te

478 4076 803 4143 Confestim
832 4080 1091 4163 liquidus
1119 4077 1428 4142 Fortunae
1460 4079 1627 4142 rivus
1655 4077 1937 4143 inauret:

474 4163 597 4228 Vel
627 4166 767 4248 quia
794 4174 1070 4228 naturam
1099 4172 1332 4229 mutare
1364 4171 1621 4250 pecunia
1650 4165 1865 4244 nescit,
2494 4186 2555 4234 10

474 4249 594 4313 Vel
626 4250 767 4334 quia
795 4258 1012 4314 cuncta
1041 4257 1216 4335 putas
1244 4272 1367 4313 una
1395 4252 1615 4315 virtute
1644 4251 1895 4315 minora.

474 4333 770 4399 Miramur
821 4337 870 4400 si
901 4337 1230 4402 Democriti
1258 4357 1443 4421 pecus
1473 4337 1599 4400 edit
1627 4339 1854 4420 agellos

475 4419 773 4506 Cultaque
830 4423 972 4485 dum
1003 4444 1256 4506 peregre
1288 4431 1382 4486 est
1410 4424 1639 4486 animus
1669 4424 1796 4486 sine
1826 4442 2074 4505 corpore
2106 4420 2319 4500 velox;

475 4506 627 4571 Cum
661 4516 726 4571 tu
754 4509 914 4572 inter
941 4508 1202 4572 scabiem
1232 4518 1463 4572 tantam
1492 4518 1554 4571 et
1583 4509 1861 4592 contagia
1888 4507 2041 4571 lucri

472 4593 580 4657 Nil
610 4616 858 4678 parvum
886 4594 1083 4678 sapias
1115 4603 1176 4657 et
1206 4594 1400 4657 adhuc
1432 4594 1706 4656 sublimia
1735 4615 1946 4658 cures:
2500 4613 2551 4661 u

474 4678 643 4753 Quae
674 4701 837 4743 mare
867 4688 1250 4763 compescant
1280 4699 1553 4758 caussae,
1585 4680 1729 4762 quid
1762 4684 2058 4764 temperet
2097 4699 2342 4760 annum,

475 4762 698 4829 Stellae
729 4773 937 4849 sponte
968 4787 1079 4829 sua
1095 4767 1378 4850 jussaene
1411 4775 1708 4849 vagentur
1737 4774 1801 4829 et
1830 4771 2056 4845 errent,

473 4849 631 4923 Quid
664 4859 897 4936 premat
926 4852 1241 4915 obscurum
1274 4853 1474 4930 lunae,
1505 4851 1649 4936 quid
1681 4851 1948 4936 proferat
1986 4850 2213 4930 orbem,
