2900 6042
437 1438 566 1503 228
1257 1459 1378 1506 aas
1423 1445 1713 1506 roanos.

434 1614 636 1698 Digna
666 1614 795 1698 geri
824 1634 1059 1698 promes
1087 1611 1149 1676 in
1178 1634 1442 1690 scenam,
1471 1614 1777 1697 multaque
1810 1615 1980 1679 tolles

437 1700 528 1763 Ex
560 1703 744 1764 oculis
798 1721 952 1783 quae
985 1721 1118 1763 mox
1148 1708 1353 1761 narret
1381 1699 1662 1762 facundia
1690 1720 1990 1783 praesens.

439 1787 495 1848 N
500 1809 532 1849 e
565 1807 779 1869 pueros
810 1806 1004 1847 coram
1039 1785 1253 1868 populo
1285 1784 1508 1847 Medea
1538 1785 1820 1864 trucidet,
1850 1805 1853 1808 ’

437 1874 565 1934 Aut
595 1873 853 1933 humana
880 1872 1077 1955 palam
1107 1877 1326 1952 coquat
1356 1878 1498 1932 exta
1525 1870 1789 1933 nefarius
1824 1869 2078 1951 Atreus,

437 1959 564 2018 Aut
592 1958 652 2017 in
683 1977 854 2018 avem
885 1956 1124 2020 Procne
1154 1963 1446 2033 vertatur,
1480 1954 1743 2018 Cadmus
1772 1956 1833 2018 in
1863 1977 2142 2040 anguem.

434 2041 848 2125 Quodcunque
892 2041 1154 2104 ostendis
1183 2042 1324 2103 mihi
1353 2041 1438 2103 sic
1493 2041 1836 2104 incredulus
1865 2042 1985 2106 odi.

331 2174 336 2178 -
432 2127 606 2189 Neve
642 2128 831 2189 minor
858 2147 979 2189 neu
1007 2126 1086 2189 sit
1114 2127 1322 2210 quinto
1353 2126 1697 2209 productior
1725 2135 1868 2190 actu

431 2213 681 2290 Fabula,
713 2233 868 2295 quae
899 2212 1061 2294 posci
1092 2212 1221 2273 vult
1248 2219 1312 2274 et
1340 2219 1613 2294 spectata
1643 2212 1891 2295 reponi3

431 2297 492 2359 N
497 2319 564 2360 ec
598 2298 746 2360 deus
776 2297 1011 2359 intersit
1062 2296 1174 2359 nisi
1203 2297 1419 2379 dignus
1448 2297 1683 2360 vindice
1715 2297 1906 2362 nodus

418 2383 721 2446 Inciderit
747 2404 763 2459 ;
806 2403 916 2445 nec
947 2391 1164 2466 quarta
1192 2382 1352 2465 loqui
1381 2403 1636 2465 persona
1663 2383 1913 2447 laboret.

430 2469 672 2531 Actoris
694 2477 903 2551 partes
932 2468 1147 2531 chorus
1175 2468 1548 2550 officiumque
1580 2467 1748 2531 virile

429 2553 755 2633 Defendat‚
785 2575 903 2617 neu
933 2552 1077 2637 quid
1105 2553 1330 2617 medios
1357 2552 1680 2617 intercinat
1706 2559 1878 2618 actus

429 2638 602 2710 Quod
633 2662 751 2702 non
782 2640 1077 2723 proposito
1107 2638 1403 2702 conducat
1431 2644 1497 2702 et
1533 2639 1782 2702 haereat
1813 2645 1975 2724 apte.

428 2725 540 2787 Ille
569 2726 738 2788 bonis
766 2727 1085 2808 faveatque
1116 2731 1179 2787 et
1208 2724 1553 2788 consilietur
1581 2725 1795 2803 amice,

427 2810 511 2873 Et
540 2818 715 2892 regat
741 2810 922 2873 iratos
951 2818 1016 2877 ct
1044 2816 1207 2872 amet
1237 2830 1494 2893 peccare
1526 2808 1855 2884 timentes;

426 2894 538 2958 Illo
570 2895 756 2979 dapes
786 2896 992 2958 laudet
1019 2914 1260 2958 mensae
1290 2895 1512 2973 brevis,
1542 2895 1641 2959 ille
1671 2895 1971 2960 salubrem

424 2980 469 3043 J
471 2981 735 3043 ustitiam
763 2981 1050 3062 legesque
1081 2987 1146 3042 et
1172 2980 1394 3064 apertis
1423 2981 1545 3044 otia
1572 2981 1756 3064 portis
1778 3000 1795 3057 ;

427 3064 541 3128 Ille
572 3073 742 3148 tegat
771 3066 1081 3129 commissa
1133 3064 1394 3148 deosque
1427 3074 1709 3149 precetur
1737 3073 1801 3128 et
1829 3072 1983 3146 oret,

429 3149 519 3214 Ut
545 3150 759 3214 redeat
784 3150 1035 3228 miseris,
1069 3151 1248 3214 abeat
1274 3152 1516 3214 fortuna
1540 3151 1832 3234 superbis.

426 3236 598 3299 Tibia
626 3258 744 3300 non
797 3243 869 3298 ut
895 3256 1054 3299 nunc
1107 3236 1404 3300 orichalco
1434 3237 1637 3300 vincta
1666 3237 1968 3320 tubaeque

390 3365 396 3370 -
425 3321 706 3399 Aemula,
736 3322 841 3384 sed
875 3321 1069 3384 tenuis
1097 3322 1466 3406 simplexque
1496 3323 1784 3385 foramine
1808 3342 2000 3406 pauco

423 3406 753 3489 Adspirare
786 3415 849 3470 et
876 3407 1086 3470 adesse
1118 3407 1311 3470 choris
1341 3416 1475 3470 erat
1503 3408 1661 3471 utilis
1716 3415 1897 3492 atque

424 3490 708 3555 Nondum
737 3492 926 3576 spissa
956 3494 1128 3556 nimis
1159 3494 1456 3576 complere
1487 3494 1700 3557 sedilia
1726 3494 1871 3556 flatu
1898 3511 1917 3570 ;

424 3576 556 3650 Quo
585 3598 728 3642 sane
759 3580 1011 3662 populus
1040 3578 1444 3657 numerabilis,
1475 3586 1682 3662 utpote
1712 3599 1956 3662 parvus,

423 3662 692 3747 Et-frugi
715 3672 1035 3748 castusque
1067 3665 1560 3747 verecundusque
1593 3662 1809 3727 coibat.

421 3748 747 3832 Postquam
778 3751 976 3834 coepit
1005 3771 1180 3832 agros
1211 3751 1537 3813 extendere
1571 3749 1780 3829 victor,
1811 3755 1875 3812 et
1901 3749 2084 3814 urbes

420 3833 626 3898 Latior
653 3836 932 3918 amplecti
963 3856 1167 3898 murus
1214 3837 1471 3919 vinoque
1502 3834 1714 3898 diurno

420 3919 659 3983 Placari
693 3922 927 3986 Genius
955 3921 1126 3986 festis
1158 3921 1236 3983 im
1283 3943 1402 3985 une
1435 3919 1672 3999 diebus,

419 4004 703 4068 Accessit
730 4006 1110 4089 numerisque
1141 4027 1236 4069 mo
1280 4007 1446 4088 isque
1478 4005 1721 4069 licentia
1750 4004 1972 4090 major3

421 4088 708 4153 Indoctus
738 4091 882 4173 quid
912 4092 1068 4154 enim
1097 4099 1339 4174 saperet
1365 4091 1632 4174 liberque
1661 4091 1953 4155 laborum.

421 4175 706 4238 Rusticus
735 4176 966 4238 urbano
996 4176 1298 4253 confusus,
1331 4177 1521 4260 turpis
1551 4177 1800 4239 honesto
1825 4173 1853 4237 ⁴?
1981 4242 1988 4247 ,

424 4258 525 4322 Sic
556 4261 786 4342 priscae
817 4271 1160 4344 motumque
1191 4270 1254 4324 et
1281 4262 1575 4324 luxuriem
1606 4260 1839 4323 addidit
1866 4258 1985 4323 arti

421 4343 668 4408 Tibicen
722 4347 1022 4430 traxitque
1057 4367 1244 4430 vagus
1275 4368 1384 4430 per
1413 4348 1640 4431 pulpita
1671 4353 1899 4409 vestem
1924 4364 1945 4423 ;

424 4428 525 4494 Sic
557 4431 736 4494 etiam
765 4432 980 4494 fidibus
1010 4453 1186 4495 voces
1216 4453 1462 4495 crevere
1493 4431 1739 4510 severiS‚

421 4514 506 4577 Et
533 4517 669 4580 tulit
698 4519 998 4600 eloquium
1027 4517 1324 4580 insolitum
1353 4517 1638 4580 facundia
1667 4535 1980 4601 praecepa,

420 4598 792 4685 Utiliumque
822 4623 1008 4685 sagax
1037 4624 1236 4666 rerum
1272 4612 1334 4665 et
1362 4602 1566 4665 divina
1591 4601 1780 4665 futuri

424 4684 735 4771 Sortilegis
763 4710 880 4751 non
911 4688 1241 4772 discrepuit
1267 4689 1568 4751 sententia
1598 4686 1869 4770 Delphis.

421 4768 699 4837 Carmine
730 4775 831 4857 qui
863 4775 1092 4856 tragico
1125 4775 1299 4837 vilem
1328 4772 1587 4838 certavit
1614 4773 1688 4836 ob
1718 4772 1973 4852 hircum,
2025 4836 2030 4842 ,

420 4855 567 4922 Mox
595 4860 776 4923 etiam
807 4869 1078 4942 agrestes
1110 4858 1360 4942 Satyros
1389 4859 1736 4935 nudavit,et
1762 4877 1831 4921 as
1907 4878 1942 4923 r

419 4941 711 5010 Incolumi
740 4946 1038 5028 gravitate
1056 4945 1264 5028 jocum
1291 4944 1568 5023 tentavit,
1593 4959 1673 5009 eo
1703 4964 1750 5028 q

2413 1807 2509 1859 185

2411 2237 2506 2286 190

2408 2662 2502 2714 195

2401 3938 2498 3990 210

2399 4362 2497 4413 215
