2900 6042
1169 1447 1299 1492 mis.
1347 1446 1395 1492 1.
1445 1444 1581 1492 sar.
1627 1446 1731 1492 111.
2357 1428 2482 1497 133

404 1601 629 1665 Cetera
655 1599 800 1663 item
829 1606 1138 1682 nequeunt
1166 1599 1364 1662 stultis
1393 1600 1724 1677 haerentia,
1756 1619 1865 1662 cur
1892 1623 2012 1664 non

403 1686 780 1750 Ponderibus
807 1684 1179 1767 modulisque
1210 1686 1332 1747 suis
1361 1686 1515 1748 ratio
1545 1687 1747 1762 utitur,
1791 1705 1863 1748 ac
1889 1707 1987 1750 res

403 1771 493 1835 Ut
522 1791 798 1855 quaeque
830 1778 922 1833 est
973 1770 1060 1832 ita
1087 1771 1390 1853 suppliciis
1419 1770 1641 1833 delicta
1670 1771 1957 1834 coercet?
2377 1794 2410 1823 ο

405 1855 472 1920 Si
503 1858 638 1940 quis
669 1877 806 1919 eum
837 1877 1074 1918 servum
1131 1856 1391 1938 patinam
1422 1856 1526 1939 qui
1556 1857 1762 1918 tollere
1781 1857 1989 1939 jussus
2418 1876 2483 1926 eo

406 1941 680 2005 Semesos
709 1942 903 2024 pisces
934 1941 1352 2024 trepidumque
1383 1941 1687 2023 ligurierit
1727 1941 1833 2024 jus

402 2027 478 2089 In
511 2047 692 2090 eruce
723 2027 982 2108 suffigat,
1015 2025 1293 2089 Labeone
1323 2026 1586 2088 insanior
1613 2027 1773 2088 inter

406 2111 598 2175 Sanos
627 2111 884 2174 dicatur.
981 2110 1219 2182 Quanto
1249 2112 1359 2173 hoe
1390 2111 1668 2174 furiosius
1698 2117 1880 2194 atque
1915 2191 1919 2194 θ

400 2197 604 2281 Majus
633 2204 948 2279 peccatum
979 2203 1072 2257 est
1097 2219 1110 2258 :
1162 2197 1423 2279 paullum
1457 2196 1709 2278 deliquit
1736 2197 1983 2274 amicus,

401 2281 577 2354 Quod
606 2282 720 2344 nisi
750 2281 1044 2343 concedas
1098 2282 1356 2343 habeare
1389 2283 1675 2357 insuavis,
1734 2282 2024 2346 acerbus:
2416 2299 2481 2350 85

402 2365 598 2429 Odisti
630 2372 694 2428 et
720 2366 881 2447 fugis
911 2374 980 2427 ut
1010 2366 1314 2428 Rusonem
1344 2366 1578 2428 debitor
1616 2366 1795 2444 aeria,

402 2448 522 2524 Qui
549 2451 665 2514 nisi
718 2471 856 2514 cum
885 2451 1088 2512 tristes
1116 2451 1332 2513 misero
1368 2471 1589 2513 venere
1624 2449 1942 2514 Kalendae

399 2535 752 2600 Mercedem
781 2541 888 2599 aut
916 2555 1187 2598 nummos
1217 2535 1376 2601 unde
1409 2535 1570 2598 unde
1602 2536 1877 2613 extricat,
1902 2553 2138 2599 amaras

400 2620 737 2684 Porrecto
709 2621 925 2719 Jugulo
953 2620 1230 2683 historias
1259 2620 1533 2703 captivus
1562 2626 1633 2683 ut
1661 2620 1849 2683 audit.

401 2704 760 2771 Commimnt
789 2707 1012 2768 lectum
1040 2713 1216 2804 potus
1269 2726 1549 2768 mensave
1582 2705 1846 2768 catillum
2412 2722 2479 2775 no

398 2790 669 2854 Evandri
696 2791 969 2854 manibus
1000 2791 1207 2853 tritum
1237 2790 1482 2874 dejecit,
1544 2791 1618 2853 ob
1647 2791 1800 2853 hanc
1832 2809 1962 2852 rem

397 2876 531 2940 Aut
558 2877 815 2960 positum
846 2883 986 2938 ante
1018 2896 1154 2938 mea
1182 2876 1323 2958 quia
1352 2876 1626 2959 pullum
1610 2897 1673 2938 m
1702 2883 1873 2959 parte
1904 2873 2089 2938 catini

401 2960 661 3025 Sustulit
688 2961 981 3039 esuriens,
1009 2961 1204 3024 minus
1234 2961 1345 3024 hoe
1366 2960 1672 3043 jucundus
1702 2960 1926 3023 amicus

401 3045 495 3110 Sit
521 3047 706 3109 mihi.
687 3045 713 3092 Ῥ
803 3045 963 3120 Quid
993 3046 1209 3109 faciam
1260 3047 1312 3109 si
1340 3047 1568 3109 furtum
1596 3046 1831 3124 fecerit,
1861 3051 1969 3109 aut
1994 3043 2048 3109 si
2329 3123 2335 3127 ἠ

398 3131 741 3195 Prodiderit
769 3131 1081 3195 commissa
1106 3131 1226 3193 fide
1255 3152 1611 3214 sponsumve
1640 3129 1928 3214 negarit?
2411 3148 2476 3198 95

397 3216 546 3290 Quis
575 3217 745 3301 paria
774 3237 906 3280 esse
934 3217 1066 3279 fere
1095 3217 1325 3300 placuit
1352 3224 1605 3300 peccata
1654 3217 1996 3280 laborant
2133 3211 2184 3267 Χ

398 3302 555 3366 Cum
583 3309 826 3366 ventum
858 3300 936 3364 ad
966 3323 1175 3364 verum
1207 3308 1338 3378 est3
1382 3322 1595 3365 sensus
1621 3322 1934 3386 moresque
1965 3304 2307 3384 repugnant

394 3387 642 3471 Atque
627 3408 759 3471 1psa
785 3387 1034 3466 utilitas,
1055 3387 1206 3470 justi
1235 3408 1421 3471 prope
1453 3396 1647 3450 mater
1678 3394 1741 3449 et
1769 3387 1969 3471 aequi.

397 3471 554 3536 Cum
583 3480 1006 3558 prorepserunt
1034 3473 1238 3555 primis
1267 3473 1544 3534 animalia
1574 3472 1772 3550 terris,

393 3557 635 3622 Mutum
665 3564 729 3621 et
757 3568 931 3640 turpe
960 3577 1168 3640 poene,
1198 3557 1479 3639 glandem
1508 3567 1690 3640 atque
1721 3556 1939 3619 cubilia
1965 3561 2213 3640 propter
2383 3573 2474 3624 100

394 3641 717 3726 Unguibus
746 3649 810 3705 et
839 3643 1079 3726 pugnis,
1111 3641 1252 3704 dein
1278 3643 1558 3720 fustibuS,
1588 3649 1769 3724 atque
1799 3641 1886 3704 ita
1912 3663 2089 3726 porro

394 3727 964 3811 Pugnabantffms
1017 3747 1172 3809 quae
1203 3735 1336 3809 post
1364 3727 1767 3790 fabricaverat
1795 3747 1961 3806 usus,

392 3813 604 3877 Donec
635 3813 822 3876 verba
874 3812 1088 3894 quibus
1118 3832 1295 3874 voces
1323 3831 1652 3893 sensusque
1682 3819 1963 3874 notarent

393 3897 821 3982 Nominaque
805 3916 1130 3972 mvenere;
1176 3896 1392 3959 dehinc
1423 3896 1712 3959 absistere
1741 3897 1920 3976 belle,

395 3982 638 4068 Oppida
666 3988 996 4067 coeperunt
1021 3982 1250 4045 munire
1282 3988 1347 4044 et
1374 4002 1595 4064 ponere
1625 3982 1816 4064 leges,
2380 3996 2474 4048 105

365 4068 493 4132 *Ne
524 4069 660 4152 quis
687 4068 788 4131 fur
817 4073 999 4146 esset,
1027 4087 1148 4129 neu
1176 4067 1353 4145 latro,
1382 4087 1504 4129 neu
1533 4066 1667 4148 quis
1696 4067 1955 4129 adulter.

393 4153 558 4217 Nam
584 4153 701 4217 fuit
728 4160 868 4217 ante
898 4152 1200 4215 Helenam
1229 4173 1461 4215 cunnus
1494 4152 1803 4215 teterrima
1829 4152 1971 4215 belli

395 4237 617 4319 Causa,
645 4237 754 4302 sed
783 4229 1005 4321 ignotis
1035 4237 1344 4320 perierunt
1372 4237 1660 4299 mortibus
1691 4237 1798 4316 illi,

393 4323 558 4397 Quos
586 4343 870 4387 venerem
884 4323 1192 4386 incertam
1223 4322 1525 4405 rapientes
1553 4342 1715 4384 more
1747 4322 2013 4384 ferarum

392 4408 644 4472 Viribus
673 4407 895 4472 editior
918 4407 1229 4484 caedebat,
1262 4415 1332 4469 ut
1360 4407 1423 4469 in
1453 4428 1639 4490 grege
1667 4406 1958 4469 taurus.
2381 4424 2474 4474 110

389 4492 436 4557 J
439 4515 551 4558 ura
576 4493 825 4559 inventa
850 4499 1016 4556 metu
1046 4492 1249 4576 injusti
1279 4493 1509 4555 fateare
1541 4513 1785 4555 necesse
1817 4498 1933 4572 est,

391 4577 688 4663 Tempora
715 4580 766 4642 si
794 4578 1098 4660 fastosque
1133 4577 1280 4640 velis
1310 4578 1585 4640 evolvere
1614 4576 1845 4639 mundi.

391 4663 456 4728 N
457 4684 529 4728 ec
557 4669 778 4728 natura
805 4671 1003 4747 potest
1021 4664 1188 4745 justo
1218 4682 1534 4724 secernere
1565 4663 1857 4745 iniquum,

388 4747 624 4814 Dividit
650 4755 723 4812 ut
750 4749 906 4812 bona
929 4747 1201 4825 diversis,
1231 4747 1522 4830 fugienda
1555 4747 1869 4831 petendis3

388 4832 529 4899 Nee
557 4834 763 4899 vincet
788 4834 942 4898 ratio
969 4833 1108 4910 hoc,
1137 4832 1491 4895 tantundem
1522 4844 1591 4895 ut
1619 4848 1833 4917 peccet
1852 4794 2144 4916 idemque
2384 4849 2475 4900 115

393 4918 515 4995 Qui
543 4927 785 4984 teneros
813 4919 1019 4983 caules
1048 4918 1228 5067 affini
1256 4918 1510 5001 fregerit
1537 4919 1693 4982 horti
