2900 6042
179 684 240 748 218
585 697 807 742 nrrsronsaum

179 854 351 930 Acrumnis,
368 854 462 914 lassus
478 852 548 911 dum
564 859 654 911 noctu
670 851 780 926 stertit,
796 851 834 911 ad
851 871 947 912 assem

180 939 359 1001 Perdiderat
374 959 381 1012 ;
406 937 541 1020 posthoc
558 937 718 997 vehemens
734 938 821 1018 lupus
838 943 869 998 et
884 937 938 998 sibi
954 944 985 998 ct
999 935 1077 998 hosti

179 1025 280 1087 Iratus
296 1025 417 1107 paritor,
428 1023 540 1104 jejunis
557 1022 695 1082 dentibus
711 1042 792 1097 acer,

180 1110 367 1172 Praesidium
381 1108 483 1190 regale
497 1108 562 1169 loco
577 1093 697 1189 dejecit,
713 1129 733 1167 u
763 1108 858 1183 aiunt,

181 1193 303 1257 Summe
318 1192 431 1256 munito
446 1198 478 1254 et
491 1193 651 1254 multarum
667 1191 759 1254 divite
774 1212 886 1254 rerum.

181 1280 287 1344 Clarus
302 1280 339 1342 ob
354 1278 385 1341 id
400 1278 513 1340 factum
539 1276 623 1339 donis
638 1284 763 1339 omatur
777 1277 921 1355 honestis,

181 1365 303 1448 Accipit
317 1370 350 1428 et
362 1363 409 1425 bis
423 1361 502 1426 dena
515 1382 606 1444 super
618 1362 758 1426 sestertia
772 1382 936 1424 nummum.

181 1450 271 1513 Forte
287 1450 342 1512 sub
356 1448 412 1510 hoc
427 1454 545 1531 tempus
559 1448 715 1510 castellum
730 1454 868 1510 evertere
882 1453 1003 1530 praetor

181 1534 294 1598 Nescio
308 1533 388 1618 quod
403 1533 537 1615 cupiens,
552 1532 664 1595 hortari
679 1533 780 1616 coepit
794 1532 924 1596 eundem

182 1619 295 1683 Verbis
318 1639 396 1702 quae
411 1617 513 1681 timido
527 1637 645 1701 quoque
660 1625 783 1701 possent
796 1617 908 1681 addere
923 1623 1076 1683 mentem:

180 1708 201 1741 “
214 1702 244 1783 I,
254 1703 344 1781 bone,
359 1723 420 1786 quo
434 1703 530 1767 virtus
546 1709 644 1766 tuate
660 1711 760 1782 vocat,
773 1704 783 1766 i
799 1703 877 1788 pede
892 1703 1004 1781 fausto,

183 1786 318 1852 Grandia
331 1788 447 1851 laturus
462 1786 635 1850 meritorum
649 1788 792 1871 praemia.
838 1787 918 1861 Quid
932 1795 996 1851 stas
1008 1786 1045 1850 i”

182 1873 256 1937 Post
270 1874 345 1937 haec
360 1873 409 1936 ille
425 1878 521 1949 catus,
536 1873 727 1955 quantumvis
742 1871 893 1936 mutiens:
915 1878 936 1912 “
947 1873 1021 1954 Ibit,

182 1957 245 2022 Ibit
259 1979 294 2022 eo
317 1958 435 2043 quovis
461 1959 514 2041 qui
528 1978 631 2020 zonam
646 1957 810 2041 perdidit‚''
826 1956 936 2041 inquit.

182 2043 296 2107 Romae
312 2042 419 2107 nutriri
433 2043 504 2105 mihi
519 2043 645 2124 contigit
659 2050 750 2127 atque
765 2043 867 2106 doceri

183 2128 285 2192 Iratus
301 2128 400 2193 Graiis
415 2134 560 2211 quantum
573 2127 724 2191 nocuisset
738 2127 884 2192 Achilles.

182 2213 334 2297 Adjecere
349 2214 442 2277 bonae
457 2212 557 2296 paullo
572 2214 638 2296 plus
653 2213 727 2277 artis
742 2214 895 2293 Athenae,

185 2297 308 2362 Scilicet
322 2306 357 2362 ut
373 2299 481 2362 vellem
499 2319 592 2361 curvo
607 2298 783 2381 dignoscere
798 2305 927 2379 rectum,

182 2382 287 2467 Atque
301 2385 380 2446 inter
395 2384 484 2446 silvas
499 2381 647 2446 Academi
662 2406 808 2468 quaerere
823 2406 939 2449 verum.

181 2468 268 2532 Dura
282 2468 336 2532 sed
351 2487 487 2531 emovere
501 2468 566 2530 loco
579 2489 627 2531 me
643 2476 778 2554 tempora
792 2478 890 2554 grato,

183 2552 345 2637 civilisque
360 2553 465 2615 rudem
480 2553 550 2616 belli
565 2555 634 2617 tulit
648 2565 750 2619 aestus
763 2557 794 2618 in
809 2576 893 2619 arma

183 2637 320 2703 Caesaris
335 2641 468 2721 Augusti
482 2660 541 2701 non
557 2660 736 2724 responsura
749 2641 880 2704 lacertis.

182 2722 275 2788 Unde
290 2725 377 2788 simul
391 2724 518 2807 primunr
532 2745 579 2787 me
596 2725 735 2789 dimmere
751 2726 893 2810 Philippi,

181 2806 299 2874 Decisis
313 2810 455 2873 humilem
470 2810 574 2893 pennis
589 2810 767 2895 inopemque
783 2811 900 2895 paterni

182 2895 225 2959 Et
237 2896 308 2960 laris
325 2903 356 2959 et
370 2895 632 2979 fundi,paupcrtas
647 2897 766 2981 impulit
780 2897 890 2975 audax,

182 2980 227 3046 Ut
241 3002 344 3046 versus
358 2982 489 3045 facerem
505 3000 513 3056 ;
535 2981 589 3043 sed
616 2983 696 3065 quod
710 3005 770 3046 non
785 2983 864 3046 desit
888 2981 1050 3046 habentem

182 3065 268 3140 Quae
282 3075 423 3152 poterunt
436 3087 568 3150 unquam
583 3069 654 3130 satis
669 3089 840 3152 expurgare
855 3068 985 3147 cicutae,

181 3151 225 3216 Ni
239 3154 344 3217 melius
359 3153 486 3217 dormire
501 3158 603 3236 putem
620 3174 711 3236 quam
725 3155 856 3218 scribere
872 3150 1003 3218 versus?

182 3236 309 3322 Singula
323 3239 361 3301 de
376 3239 460 3302 nobis
475 3238 544 3301 anni
560 3239 745 3321 praedantur
759 3247 887 3302 euntes:

182 3324 328 3408 Eripuere
339 3326 434 3409 jocos,
450 3344 602 3400 venerem,
618 3325 764 3402 convivia,
779 3325 883 3388 ludum
896 3343 905 3401 ;

181 3409 323 3473 Tendunt
337 3419 515 3493 extorquere
532 3409 670 3491 poemata
684 3431 692 3472 ε
716 3410 790 3494 quid
804 3412 913 3474 faciam
931 3407 1002 3473 visi

182 3495 320 3579 Denique
335 3518 395 3558 non
407 3516 508 3558 omnes
524 3495 629 3556 eadem
645 3495 792 3559 mirantur
807 3504 989 3580 amantque:

182 3578 321 3644 Carmine
336 3588 370 3644 tu
386 3580 511 3664 gaudes,
526 3580 574 3642 hic
589 3578 759 3644 delectatur
772 3581 889 3661 iambis,

180 3664 238 3729 Ille
255 3666 375 3730 Bioneis
390 3666 574 3729 sermonibus
589 3672 621 3728 et
634 3667 696 3728 sale
711 3668 808 3749 nigro.

180 3751 256 3815 Tres
269 3753 341 3815 mihi
357 3753 499 3814 convivae
515 3771 607 3835 prope
622 3750 781 3815 dissentire
796 3752 949 3833 videntur,

180 3835 343 3901 Poscentes
360 3838 441 3900 vario
454 3839 581 3899 multum
597 3836 716 3900 diversa
731 3839 841 3921 pelato.

181 3921 260 3995 Quid
276 3924 344 3988 dem
357 3922 370 3986 ?
415 3922 465 3985 uid
479 3944 538 3986 non
554 3921 648 3985 dcml
670 3924 773 3986 renuis
795 3930 832 3986 tu
848 3921 929 4006 quod
937 3922 1027 4007 jubet
1042 3922 1140 4001 alter3

181 4006 268 4081 Quod
283 4010 361 4093 petis
387 3945 416 4071 id
431 4029 504 4074 saue
520 4016 567 4071 est
581 4007 709 4074 invisum
723 4008 904 4092 acidumque
919 4007 1046 4073 dnobus.

179 4090 309 4158 Praeter
323 4099 458 4168 caetera,
475 4115 522 4155 mc
539 4094 693 4158 sanaem
709 4098 851 4178 pobmata
865 4113 973 4158 censes

182 4177 321 4244 Scribere
335 4201 422 4265 posse
438 4180 518 4242 inter
533 4186 577 4243 tot
592 4199 681 4246 curas
696 4189 800 4267 totque
814 4181 932 4244 labores
944 4178 958 4244 l
