2900 6042
230 1318 295 1384 ata
635 1333 857 1382 tauromenii

229 1489 385 1552 Interdum
402 1490 508 1572 vulgus
523 1495 639 1553 rectum
654 1487 749 1565 ridet,
765 1496 812 1552 est
826 1487 877 1552 ubi
893 1492 1011 1575 peccat

229 1574 261 1638 Si
279 1583 395 1638 veteres
410 1576 453 1638 ita
467 1577 592 1639 miratur
607 1574 770 1658 laudatque
788 1575 892 1658 poetae

227 1659 275 1725 Ut
288 1661 361 1723 nihil
376 1663 536 1739 anteferat,
551 1662 623 1724 nihil
645 1661 701 1725 illis
717 1666 882 1744 comparet,
898 1666 1003 1725 errat:

229 1743 261 1808 Si
277 1747 423 1829 quaedam
440 1748 526 1810 nimis
541 1748 674 1831 antique,
689 1747 713 1810 si
729 1747 872 1830 pleraque
890 1745 966 1811 dure

228 1831 337 1895 Dicere
354 1833 451 1895 credit
465 1855 526 1909 eos,
541 1834 649 1915 ignave
664 1833 760 1896 multa
777 1833 900 1910 latetur,

228 1917 269 1980 Et
283 1919 361 2002 sapit
387 1927 419 1981 et
433 1940 550 1982 mecum
565 1919 638 1982 facit
664 1928 695 1981 et
708 1918 787 1982 Jove
797 1918 916 2003 judicat
930 1939 1039 2002 aequo.

227 2002 297 2067 Non
313 2004 451 2088 equidem
466 2005 596 2068 insector
610 2004 798 2087 delendaque
814 1999 947 2068 carmina
961 2003 1029 2068 Liri

227 2088 303 2152 Esse
318 2112 396 2169 reor,
411 2091 531 2154 memini
546 2112 623 2175 quae
639 2091 793 2174 plagosum
808 2090 878 2153 milu
894 2112 987 2175 parvo

228 2173 374 2238 Orbilium
388 2177 523 2259 dictam
546 2177 599 2240 sed
615 2176 775 2240 emendata
788 2175 884 2240 videri

227 2259 417 2345 Pulchraque
433 2269 465 2325 et
477 2262 590 2337 exactis
604 2262 757 2325 minimum
772 2260 914 2326 distentia
927 2261 1021 2339 miror
1029 2278 1039 2337 3

227 2345 312 2410 Inter
326 2369 403 2432 quae
420 2349 544 2412 verbum
559 2348 680 2411 emicuit
693 2347 719 2411 si
734 2348 811 2412 forte
827 2347 980 2428 decorum,
994 2357 1028 2417 et

229 2431 261 2496 Si
277 2454 381 2497 versus
394 2434 494 2519 paullo
510 2434 680 2497 concinnior
699 2455 778 2496 unus
792 2442 825 2497 et
838 2435 927 2514 alter,

228 2516 342 2603 Injuete
359 2527 454 2584 totum
468 2519 552 2584 ducit
567 2519 728 2602 venditque
744 2523 862 2603 poetae.

227 2602 372 2689 Indignor
386 2606 546 2690 quidquam
561 2605 752 2689 reprehendi,
762 2627 823 2669 non
839 2605 910 2690 quia
924 2624 1025 2668 crasse

228 2690 429 2776 compositum
444 2692 601 2776 illepideve
616 2698 751 2775 putetur,
766 2691 820 2756 sed
835 2692 906 2775 quia
920 2709 1038 2774 nuper;

227 2775 294 2841 Nec
311 2779 427 2841 reniam
442 2778 572 2861 antiquis
598 2777 652 2841 sed
667 2777 810 2841 honorem
824 2788 856 2841 et
870 2777 1004 2862 praemia
1022 2774 1115 2860 pose'u

227 2863 323 2927 Recte
339 2885 434 2928 necne
450 2885 570 2927 crocum
585 2864 731 2947 floresque
747 2864 934 2947 perambulet
946 2861 1043 2926 Attae

228 2948 342 3012 Fabula
357 2950 382 3012 si
397 2950 541 3028 dubitem,
557 2951 687 3013 clament
702 2950 825 3034 periisse
841 2949 986 3032 pudorem

228 3031 337 3097 Cuncti
352 3056 429 3118 pene
444 3043 557 3119 patres,
572 3056 609 3098 ee
624 3055 693 3098 cum
707 3035 928 3119 reprehendere
941 3054 1034 3098 coner

227 3116 312 3193 Quae
328 3121 427 3203 gravis
443 3121 593 3204 Aesopus,
608 3142 685 3203 quae
698 3122 805 3185 doctus
820 3121 947 3185 Roscius
962 3121 1041 3203 egit:

228 3205 287 3268 Vel
302 3207 373 3289 quia
394 3207 435 3269 nil
451 3214 566 3270 rectum
593 3208 650 3271 uisi
667 3207 748 3291 quod
762 3207 875 3291 placuit
888 3206 944 3270 sibi
970 3206 1097 3286 ducunt,

226 3289 287 3353 Vel
305 3292 375 3374 quia
390 3300 477 3376 turpe
494 3300 602 3377 putant
615 3314 721 3377 parere
737 3292 909 3371 minoribus,
925 3299 958 3356 et
974 3312 1053 3379 quae

228 3377 381 3441 Imberbes
397 3378 529 3442 didicere
556 3400 643 3443 senes
658 3379 813 3462 perdenda
827 3379 925 3442 fateri.

219 3462 297 3539 ,Jam
315 3461 430 3528 Saliare
447 3463 567 3528 Numae
582 3486 703 3528 carmen
717 3465 770 3549 qui
784 3464 934 3539 laudat‚et
947 3462 1022 3528 illud

228 3548 316 3623 Quod
330 3572 448 3614 mecum
462 3551 580 3634 ignorat
602 3551 681 3614 solus
697 3552 762 3613 vult
775 3551 852 3615 scire
867 3550 974 3631 videri,

228 3635 361 3720 Ingeniis
375 3659 434 3701 non
449 3637 498 3700 ille
512 3637 594 3700 favet
609 3636 783 3721 plauditque
798 3636 935 3721 sepultis,
981 3673 986 3682 ·

228 3721 341 3786 Nostra
354 3723 408 3787 sed
423 3724 589 3806 impugnat,
603 3744 657 3786 nos
672 3731 834 3806 nostraque
848 3722 956 3785 lividus
969 3720 1042 3785 odit.

228 3808 315 3882 Quod
330 3810 356 3873 si
371 3817 431 3872 tam
448 3808 575 3873 Graecis
591 3809 708 3873 novitas
723 3807 822 3872 invisa
835 3808 943 3873 fuisset

228 3893 324 3966 Quam
339 3895 433 3974 nobis,
448 3894 520 3978 quid
534 3915 615 3957 nuuc
630 3903 711 3958 esset
725 3893 838 3958 vetus?
857 3901 911 3958 aut
925 3893 997 3978 quid
1010 3891 1138 3957 baberet

227 3976 314 4053 Quod
330 3981 447 4064 legeret
461 3988 633 4064 tereretque
649 3981 758 4044 viritim
772 3981 909 4079 publicus
923 3978 1020 4043 usual

227 4063 273 4127 Ut
288 4063 417 4148 primum
433 4065 537 4150 positis
551 4066 661 4149 nugari
677 4065 810 4130 Graecia
823 4066 909 4132 bellis

228 4148 335 4233 Coepit
349 4158 381 4212 et
394 4151 425 4213 in
441 4152 545 4214 vitium
559 4151 679 4215 fortuna
692 4151 787 4215 labier
801 4173 910 4236 aequa,

227 4234 318 4299 Nunc
334 4237 514 4300 athletarum
528 4237 724 4317 studiis,nuuc
741 4237 814 4301 arsit
828 4259 985 4321 equorum,

227 4320 386 4384 Marmoris
401 4329 454 4385 ant
469 4324 564 4386 eboris
580 4323 678 4387 fabros
693 4331 747 4386 aut
761 4324 839 4387 aeris
854 4324 976 4404 amavit,

229 4404 392 4490 Suspendit
407 4408 487 4492 picta
501 4410 615 4472 vultum
630 4417 819 4491 mentemque
836 4410 956 4488 tabella,

228 4491 258 4555 N
261 4514 318 4556 nuc
334 4493 597 4564 tibiciuibusmunc
613 4502 660 4557 est
674 4496 778 4577 gavisa
796 4495 966 4578 tragoedis3

229 4577 292 4641 Sub
307 4580 423 4642 nutrice
439 4581 540 4664 puella
554 4581 636 4643 velut
650 4581 675 4643 si
689 4580 809 4644 luderet
823 4581 932 4660 infans,

228 4663 313 4738 Quod
328 4665 436 4749 cupide
451 4666 538 4749 petiit
562 4674 679 4729 mature
695 4669 784 4751 plena
799 4668 929 4750 reliquit.
1220 4683 1267 4736 ιω

228 4749 306 4822 Quid
322 4752 421 4833 placet
435 4751 569 4815 untedio
585 4760 632 4814 est
657 4753 737 4836 quod
752 4774 811 4815 uon
825 4753 967 4816 mutabile
983 4751 1116 4819 credas?

228 4837 294 4900 Hoc
310 4857 400 4922 paces
415 4838 546 4901 habuere
562 4838 656 4902 bonae
674 4839 815 4924 ventique
831 4839 966 4904 secundi.
