2900 6042
876 1421 1319 1472 mammam
1364 1423 1495 1470 LIB.
1542 1424 1619 1471 11.
1668 1422 1868 1471 EPIST.
1915 1423 1966 1472 1.

384 1575 487 1644 Sic
518 1578 718 1643 fautor
748 1586 1018 1643 veterum
1071 1584 1139 1643 ut
1169 1578 1401 1642 tabulas
1433 1599 1685 1663 peccare
1719 1586 1994 1644 vetantes

382 1663 550 1740 Quas
578 1665 669 1728 bis
697 1666 960 1748 quinque
994 1666 1101 1728 viri
1131 1675 1480 1744 sanxerunt,
1509 1665 1756 1728 foedera
1783 1687 1995 1749 regum

380 1751 503 1815 Vel
535 1750 744 1815 Gabiis
777 1752 870 1814 vel
900 1773 1037 1814 cum
1067 1750 1273 1834 rigidis
1303 1759 1562 1834 aequata
1597 1749 1857 1831 Sabinis,

379 1837 741 1901 Pontificum
769 1838 970 1914 libros,
1002 1857 1227 1900 annosa
1255 1837 1551 1899 volumina
1582 1843 1810 1921 vatum,

381 1922 637 1987 Dictitet
672 1924 904 1986 Albano
936 1921 1148 1986 Musas
1179 1922 1240 1984 in
1271 1931 1469 1985 monte
1500 1923 1750 1985 locutas.

384 2008 452 2073 Si
507 2009 649 2093 quia
681 2008 1051 2072 Graecorum
1081 2016 1223 2071 sunt
1250 2008 1662 2091 antiquissima
1691 2029 1968 2093 quaeque

384 2093 626 2179 Scripta
654 2097 747 2158 vel
778 2095 1001 2179 optima
1053 2094 1307 2158 Romani
1337 2101 1666 2178 pensantur
1694 2094 1907 2158 eadem

384 2178 721 2265 Scriptores
752 2182 998 2262 trutina,
1028 2202 1146 2243 non
1176 2187 1270 2244 est
1297 2180 1459 2263 quod
1487 2180 1679 2244 multa
1706 2180 2060 2266 loquamur;

379 2265 488 2330 Nil
516 2267 673 2330 intra
705 2274 799 2330 est
826 2268 1042 2346 oleam,
1068 2267 1156 2332 nil
1187 2273 1362 2332 extra
1391 2273 1489 2331 est
1515 2268 1581 2332 in
1609 2286 1767 2330 nuce
1800 2266 1938 2331 duri
1966 2287 1985 2346 ς

378 2351 673 2416 Venimus
707 2352 786 2416 ad
815 2374 1107 2417 summum
1136 2354 1445 2426 fortunae3
1469 2352 1766 2436 pingimus
1797 2360 1981 2438 atque

377 2437 696 2502 Psallimus
726 2446 790 2502 et
816 2440 1117 2501 luctamur
1147 2438 1401 2501 Achivis
1429 2437 1664 2501 doctius
1692 2439 1911 2502 unctis.

383 2522 451 2588 Si
482 2526 729 2588 meliora
757 2524 886 2586 dies
940 2532 1010 2587 ut
1039 2524 1176 2586 vina
1228 2523 1505 2605 poemata
1534 2522 1755 2601 reddit,

380 2607 552 2674 Scire
584 2610 759 2674 velim
801 2609 1030 2673 chartis
1058 2607 1325 2696 pretium
1353 2616 1571 2692 quotus
1601 2614 1845 2691 arroget
1872 2628 2084 2674 annus.

381 2695 654 2780 Scriptor
706 2696 920 2758 abhinc
950 2715 1135 2758 annos
1165 2700 1407 2758 centum
1436 2694 1541 2778 qui
1571 2693 1796 2757 decidit
1845 2693 2005 2759 inter

292 2811 297 2814 ·
378 2780 695 2845 Perfectos
727 2789 1080 2864 veteresque
1109 2780 1321 2844 referri
1352 2780 1554 2859 debet,
1586 2801 1665 2844 an
1702 2780 1862 2845 inter

387 2867 552 2931 Viles
583 2876 764 2951 atque
791 2866 1019 2931 novos?
1109 2865 1411 2931 Excludat
1429 2867 1637 2951 jurgia
1670 2867 1823 2930 finis.

378 2953 495 3018 Est
524 2961 696 3016 vetus
727 2962 908 3037 atque
941 2953 1160 3037 probus
1212 2961 1454 3016 centum
1484 2954 1587 3037 qui
1616 2952 1851 3037 perficit
1879 2973 2085 3020 annos·

379 3037 560 3119 Quid,
592 3040 694 3124 qui
727 3039 982 3124 deperiit
1009 3041 1201 3103 minor
1228 3061 1346 3102 uno
1376 3061 1580 3103 mense
1612 3041 1709 3103 vel
1742 3061 1921 3122 anm,

375 3125 550 3189 Inter
579 3147 727 3210 quos
759 3126 1109 3190 referendus
1138 3125 1254 3190 erit
1279 3123 1307 3188 ἲ
1353 3133 1667 3190 veteresne
1711 3127 1942 3211 poetas,

375 3212 480 3276 An
510 3233 658 3296 quos
686 3220 750 3275 et
778 3234 1060 3296 praesens
1091 3221 1155 3276 et
1185 3219 1423 3296 postera
1451 3219 1698 3296 respuat
1724 3211 1941 3277 aetas?

376 3297 505 3362 Iste
535 3298 776 3382 quidem
808 3306 1042 3362 veteres
1073 3299 1233 3362 inter
1260 3307 1516 3382 ponetur
1543 3300 1789 3363 honeste

377 3382 495 3457 Qui
528 3385 621 3448 vel
651 3406 852 3448 mense
882 3385 1050 3448 brevi
1082 3386 1178 3448 vel
1212 3393 1333 3448 toto
1364 3393 1457 3448 est
1477 3385 1683 3469 junior
1711 3405 1887 3449 anno·

375 3469 535 3535 Utor
577 3471 861 3554 permisso
914 3471 1263 3555 caudaeque
1295 3471 1444 3554 pilos
1474 3477 1543 3533 ut
1571 3470 1826 3554 equinae

375 3554 699 3619 Paullatim
729 3557 881 3620 vello
934 3565 998 3619 et
1026 3557 1199 3619 demo
1229 3578 1438 3634 unum,
1469 3555 1642 3619 demo
1659 3564 1724 3619 et
1744 3558 1890 3620 item
1907 3579 2116 3641 unum,

373 3641 538 3705 Dum
569 3643 750 3705 cadat
779 3643 981 3705 elusus
1011 3644 1240 3705 ratione
1270 3642 1501 3705 ruentis
1530 3642 1732 3705 acervi

374 3726 495 3801 Qui
524 3728 684 3791 redit
709 3728 773 3791 in
796 3728 978 3790 fastos
1031 3735 1095 3790 et
1124 3728 1406 3790 virtutem
1437 3727 1715 3791 aestimat
1748 3728 1942 3810 annis,

372 3813 756 3896 Miraturque
785 3813 931 3876 nihil
960 3812 1073 3876 nisi
1104 3813 1263 3896 quod
1295 3812 1558 3876 Libitina
1585 3814 1865 3877 sacravit.

373 3897 606 3964 Ennius
660 3906 725 3961 et
751 3898 987 3981 sapiens
1017 3905 1080 3962 et
1107 3898 1279 3962 fortis
1332 3906 1397 3961 et
1423 3898 1578 3961 alter
1608 3898 1932 3981 Homerus,

372 3983 465 4049 Ut
494 3983 685 4048 critici
716 3983 946 4062 dicunt,
975 3985 1192 4048 leviter
1218 4005 1432 4048 curare
1463 3984 1705 4049 videtur

374 4069 508 4144 Quo
538 4069 827 4154 promissa
856 4069 1077 4133 cadant
1103 4079 1168 4135 et
1195 4071 1423 4134 somnia
1453 4070 1858 4157 Pythagorea.

373 4157 646 4220 Naevius
673 4155 737 4218 in
767 4156 1038 4220 manibus
1066 4177 1185 4220 non
1215 4165 1309 4220 est
1337 4163 1402 4220 et
1429 4158 1727 4222 mentibus
1756 4158 1969 4222 haeret

373 4242 540 4307 Pene
572 4262 783 4306 recens
807 4240 835 4304 ἲ
860 4241 1033 4307 Adeo
1061 4249 1335 4307 sanctum
1365 4249 1461 4307 est
1488 4251 1661 4307 vetus
1690 4265 1862 4309 omne
1893 4248 2127 4330 poema.

371 4328 719 4412 Ambigitur
748 4328 1021 4412 quotiens
1051 4336 1190 4391 uter
1218 4337 1357 4392 utro
1385 4329 1468 4391 sit
1496 4330 1677 4412 prior,
1709 4332 1911 4394 aufert

374 4414 675 4478 Pacuvius
705 4414 864 4477 docti
894 4414 1112 4477 famam
1141 4414 1322 4493 senis,
1354 4413 1563 4478 Aecus
1594 4415 1721 4494 alti,

373 4499 613 4564 Dicitur
641 4500 860 4563 Afrani
894 4508 1034 4582 toga
1064 4500 1410 4563 convenisse
1448 4499 1810 4578 Menandro,

369 4584 627 4648 Plautus
657 4585 736 4648 ad
764 4587 1070 4669 exemplar
1102 4583 1290 4649 Siculi
1321 4606 1641 4669 properare
1673 4585 2041 4668 Epicharmi,

371 4670 639 4734 Vincere
672 4669 968 4735 Caecilius
999 4671 1320 4754 gravitate,
1351 4671 1668 4734 Terentius
1698 4682 1852 4735 arte.

370 4755 507 4821 Hos
534 4756 748 4820 ediscit
777 4763 839 4820 et
867 4758 974 4820 hos
1004 4764 1134 4820 arto
1163 4757 1384 4840 stipata
1415 4757 1650 4820 theatro

375 4841 630 4927 Spectat
661 4842 853 4906 Roma
881 4851 1116 4927 potens3
1137 4843 1318 4904 habet
1346 4843 1453 4905 hos
1483 4848 1878 4926 numeratque
1910 4845 2116 4928 poetas

369 4928 478 4996 Ad
505 4936 773 4995 nostrum
803 4936 1040 5014 tempus
1072 4929 1202 4991 Livi
1231 4929 1536 5013 scriptoris
1565 4928 1638 4993 ab
1680 4949 1851 4994 aevo.

2338 1405 2456 1471 211

2394 3062 2458 3112 ⁴0

2392 3495 2455 3543 ⁴5
