2900 6042
1162 603 1206 971 ΙΙ
1220 603 1362 979 Ι,

231 1317 296 1386 llo
657 1328 844 1378 ermannus

233 1488 284 1556 Ne
299 1486 373 1574 quid
387 1492 423 1550 tu
439 1484 548 1570 perdas
563 1507 624 1549 neu
639 1485 679 1550 sis
690 1486 789 1571 jocus.
835 1483 887 1548 Ire
904 1484 1026 1550 domum
1040 1491 1133 1572 atquo

233 1576 413 1641 Pellioulam
428 1593 536 1637 curare
547 1572 621 1658 jube
636 1593 644 1649 ;
667 1573 688 1635 fi
704 1572 860 1655 cognitor3
884 1572 948 1655 ipse

234 1663 345 1728 Persta
360 1668 451 1744 atque
468 1659 595 1737 obdura,
611 1680 665 1723 seu
680 1659 774 1722 rubra
789 1657 936 1722 Canicula
951 1658 1048 1723 findet

236 1749 373 1813 Infantes
388 1755 516 1825 statuas,
531 1767 587 1809 seu
602 1745 707 1829 pingui
723 1754 826 1807 tentus
841 1766 942 1808 omaso

234 1835 347 1900 Furius
362 1833 504 1897 hibernas
520 1853 597 1896 cana
611 1833 679 1895 nive
696 1839 843 1916 conspuet
858 1831 964 1916 Alpes.

236 1921 346 1987 Nonne
361 1920 457 1998 vides,
474 1919 582 2003 aliquis
598 1919 698 1982 cubito
713 1927 845 1982 stantem
861 1940 955 2003 prope
970 1925 1100 2003 tangens

235 2008 371 2092 Inquiet‚
386 2013 422 2069 ut
437 2006 566 2089 patiens,
583 2013 617 2068 ut
633 2004 737 2068 amicis
753 2012 853 2089 aptus,
869 2017 904 2068 ut
919 2004 1016 2070 acer?

235 2095 346 2161 Plures
361 2091 518 2156 adnabunt
532 2092 640 2156 thunni
655 2102 687 2155 et
703 2092 819 2156 cetaria
834 2100 983 2155 crescent.

238 2181 273 2247 Si
288 2180 337 2245 cui
352 2186 512 2263 praeterea
527 2178 645 2242 validus
660 2179 738 2243 male
753 2180 832 2242 lilius
848 2179 878 2241 in
894 2200 927 2242 re

236 2267 402 2334 Praeclara
416 2266 552 2330 sublatus
567 2266 677 2341 aletur,
692 2288 731 2329 ne
746 2266 939 2329 manifestum

237 2354 368 2421 Caelibis
383 2353 558 2436 obsequium
574 2352 669 2417 nudet
684 2363 725 2430 te,
741 2354 851 2415 leniter
866 2353 897 2416 in
911 2374 996 2437 spem

236 2441 363 2525 Adrepe
379 2440 538 2517 officiosus,
553 2448 588 2503 ut
602 2449 634 2502 et
648 2441 782 2503 scribare
797 2440 948 2506 secundus

237 2529 339 2595 Heres
354 2535 395 2606 et,
411 2527 436 2590 si
452 2527 519 2611 quis
534 2547 623 2590 casus
638 2549 766 2611 puerum
782 2527 880 2610 egerit
895 2524 988 2606 Orco,

237 2615 277 2684 In
292 2636 422 2680 vacuum
437 2614 559 2678 venias:
584 2634 708 2698 perraro
723 2614 799 2677 haec
815 2615 883 2677 aloa
897 2614 984 2678 fallit

239 2701 298 2778 Qui
313 2709 527 2765 testamentum
544 2700 645 2764 tradet
660 2701 714 2764 tibi
730 2722 849 2784 cunque
865 2700 1041 2783 legendum,

241 2788 384 2858 Abnuere
401 2795 432 2851 et
449 2788 565 2850 tabulas
580 2808 600 2851 a
615 2796 644 2851 te
660 2809 816 2851 removere
833 2797 996 2866 memento,

240 2874 291 2940 Sic
308 2883 409 2938 tamen
424 2881 459 2936 ut
474 2874 551 2937 limis
567 2875 667 2957 rapias
682 2874 756 2958 quid
772 2875 869 2958 prima
885 2875 1019 2940 secundo

238 2959 320 3027 Cera
334 2961 408 3024 velit
422 2980 532 3037 versu;
555 2961 635 3023 solus
650 2962 791 3024 multisne
807 2961 943 3039 coheres,

238 3046 347 3114 Veloci
361 3068 505 3132 percurre
521 3049 616 3110 oculo.
663 3047 847 3131 Plerumque
863 3057 1002 3112 recoctus

240 3133 348 3201 Scriba
363 3154 401 3197 ex
416 3134 614 3216 quinqueviro
629 3155 753 3196 corvum
768 3134 894 3198 deludet
908 3135 1054 3216 hiantem,
1094 3171 1113 3197 ι.

239 3220 445 3306 Captatorque
462 3219 545 3283 dabit
560 3221 637 3283 risus
653 3219 768 3284 Nasica
783 3221 934 3285 Corano.'’

239 3307 353 3371 “Num
367 3305 469 3370 furisl
492 3327 530 3369 an
546 3307 679 3390 prudens
694 3308 774 3370 ludis
789 3330 836 3371 me
852 3309 981 3372 obscura
995 3309 1132 3374 canendo
1142 3306 1155 3374 l
1166 3308 1187 3342 ’'

239 3393 300 3459 “O
317 3393 491 3470 Laertiade,
507 3394 654 3477 quidquid
670 3394 769 3458 dicam
785 3407 838 3458 aut
853 3396 911 3458 erit
926 3406 1072 3461 autnon:

238 3480 386 3547 Divinare
402 3481 513 3545 etenim
528 3502 656 3563 magnus
672 3482 743 3544 mihi
758 3482 851 3544 donat
866 3482 1009 3563 Apollo.’'

239 3573 260 3607 “
276 3566 357 3643 Quid
372 3575 474 3631 temen
489 3569 548 3631 ista
564 3568 637 3631 velit
651 3569 706 3631 sibi
723 3569 837 3645 sabula,
853 3569 878 3632 si
893 3570 976 3648 licet,
991 3569 1083 3634 ede.”

240 3655 421 3739 “Tempore
437 3677 497 3738 quo
507 3656 629 3738 juvenis
646 3655 767 3719 Parthis
782 3656 963 3736 horrendus,
979 3657 1016 3722 ab
1032 3657 1093 3721 ulto

239 3741 412 3806 Demissum
428 3763 524 3824 genus
539 3742 659 3818 Aenea,
675 3743 784 3805 tellure
800 3743 937 3826 marique

238 3827 373 3912 Magnus
388 3828 457 3906 erit,
473 3828 542 3890 forti
558 3829 652 3891 nubet
667 3849 794 3911 procera
809 3827 928 3891 Corano

238 3913 318 3980 Filia
333 3914 464 3978 Nasicae
480 3914 642 3977 metuentis
658 3914 786 3977 reddere
802 3915 929 3978 eoldum.

239 4001 318 4064 'lum
333 4022 428 4083 gener
442 4001 497 4063 hoc
513 4001 624 4064 faciet:
648 4001 766 4064 tabulas
782 4022 886 4065 socero
902 4001 986 4065 dabit
1001 4011 1093 4088 atque

242 4082 287 4152 Ut
301 4088 385 4170 legat
400 4087 515 4163 orabit;
537 4089 665 4150 multum
680 4087 796 4152 Nasica
811 4096 938 4172 negatas

239 4174 383 4257 Accipiet
398 4173 519 4236 tandem
537 4181 569 4236 ot
583 4175 693 4237 tacitus
708 4175 803 4258 leget,
817 4176 1012 4259 invenietque

240 4260 294 4325 Nil
311 4260 367 4323 sibi
381 4261 516 4342 legatum
532 4271 654 4345 praeter
668 4262 786 4343 plorare
801 4263 934 4346 suisque.
979 4285 981 4287 ·

240 4346 322 4412 Illud
339 4346 467 4411 adhaec
479 4347 592 4430 jubeo:
615 4349 724 4412 mulier
738 4348 764 4411 si
780 4349 857 4412 forte
873 4349 977 4411 dolosa

241 4434 421 4502 Libertusve
437 4455 540 4496 senem
555 4434 683 4497 delirum
700 4432 860 4520 temperet,
876 4435 935 4498 illis

239 4520 384 4586 Accedes
399 4519 520 4597 socius;
543 4521 659 4596 laudes,
674 4522 808 4586 lauderis
824 4533 858 4585 ut
873 4522 990 4586 absens.

239 4607 379 4693 Adjuvat
394 4606 450 4670 hoc
466 4628 597 4691 quoque,
613 4608 666 4671 sed
682 4609 776 4674 vincit
791 4611 879 4693 longe
895 4610 978 4694 prius
993 4608 1092 4692 ipsum

241 4693 428 4779 Expugnare
444 4702 547 4777 caput
596 4694 717 4758 Scribat
731 4697 810 4761 mala
826 4697 961 4760 carmina
975 4716 1098 4762 vecors:

242 4777 390 4845 laudato.
438 4779 594 4844 Scortator
608 4783 687 4845 erit:
712 4805 786 4848 cave
805 4791 834 4848 te
850 4790 957 4866 roget;
980 4784 1061 4847 ultro

243 4864 428 4956 Penelopam
444 4867 540 4932 facilis
555 4868 664 4957 potiori
679 4870 803 4936 tradc.”
849 4876 870 4908 “
879 4869 1040 4936 Putasne?
