2900 6042
624 1293 798 1347 cadumim

403 1452 488 1526 Quae
503 1449 636 1534 spirabat
650 1467 778 1526 amores,

446 1534 532 1609 Quae
547 1555 595 1598 me
611 1538 771 1617 surpuerat
785 1531 868 1611 mihi,

361 1620 448 1686 Felix
462 1629 529 1706 post
544 1618 693 1697 Cinaram,
699 1625 831 1701 notaque
846 1623 879 1683 et
892 1616 1002 1682 artium

362 1706 525 1772 Gratamm
539 1702 658 1768 facies?
704 1702 767 1765 Sed
783 1701 912 1767 Cinarae
921 1701 1035 1789 breves

404 1792 511 1855 Annos
525 1790 589 1853 lata
603 1789 764 1867 dederunt,

449 1875 614 1939 Servatum
629 1874 683 1936 diu
696 1893 800 1957 parom

365 1960 499 2026 Cornicis
513 1960 633 2025 vetulae
648 1958 831 2042 temporibus
842 1956 960 2041 Lycen,

363 2047 491 2111 Possent
504 2052 540 2108 ut
548 2045 677 2127 juvenes
692 2044 789 2107 visere
803 2043 912 2108 fervidi

406 2130 505 2195 Multo
519 2151 578 2194 non
592 2130 656 2193 sine
671 2128 734 2191 risu

447 2214 603 2301 Dilapeam
617 2214 647 2276 in
664 2214 781 2279 cineres
795 2213 904 2278 facem.

522 2639 758 2707 (lARMEN
786 2639 898 2706 XIV.

363 2982 455 3057 Qum
470 3003 544 3048 cura
556 2990 676 3067 patrum
702 3004 817 3069 quaeve
833 2980 994 3056 Quiritium

362 3069 465 3133 Plenis
479 3069 623 3132 honorum
637 3069 810 3132 muneribus
825 3076 903 3149 tuas,

406 3152 559 3235 Auguste,
572 3155 698 3217 virtutes
712 3155 744 3217 in
758 3175 866 3217 aevum

448 3238 510 3301 Per
524 3239 625 3303 titulos
639 3260 844 3323 memoresque
859 3239 952 3305 fastos

362 3324 556 3404 Aetemct,o
584 3346 644 3410 qua
658 3326 700 3388 sol
716 3325 891 3388 habitabiles

363 3410 501 3474 Illustrat
514 3430 582 3473 oras
607 3410 734 3473 maxime
750 3408 941 3494 principum?

406 3493 503 3569 Quem
517 3495 593 3578 legis
608 3502 749 3577 expertes
766 3495 892 3560 Latinae

447 3580 598 3644 Vindelici
613 3580 745 3644 didicere
760 3602 857 3664 nuper

361 3664 441 3740 Quid
455 3666 556 3730 Marte
571 3686 679 3750 posses
706 3664 807 3729 Milite
822 3687 891 3730 nam
905 3674 958 3731 tuo

361 3750 478 3815 Drusus
494 3750 666 3829 Genaunes,
681 3751 872 3835 implacidum
890 3772 999 3835 genus,

405 3837 601 3920 Breunosque
616 3837 743 3913 veloces,
750 3844 782 3900 et
796 3857 881 3901 arces

446 3920 575 4004 Alpibus
590 3921 741 4003 impositas
758 3922 920 3987 tremendis

361 4003 481 4088 Dejeoit
496 4025 566 4067 acer
582 4005 648 4087 plus
663 4006 729 4068 vice
744 4007 889 4091 simplici3

361 4089 461 4152 Ma'or
476 4088 631 4153 Neronum
645 4112 713 4154 mox
729 4113 821 4173 grave
836 4094 981 4177 proelium

406 4112 560 4239 dommisit
582 4176 785 4260 immanesque
801 4178 914 4243 Raetos

447 4260 599 4344 Auspiciis
613 4262 729 4345 pepulit
743 4264 892 4343 secundis,

233 4358 236 4363 '
363 4344 551 4430 Spectandus
565 4346 597 4409 in
611 4348 775 4410 certamino
790 4348 913 4429 Martio,

360 4430 480 4496 Devota
493 4433 581 4496 morti
596 4440 719 4516 pectora
733 4434 844 4498 liberae

405 4516 532 4592 Quantis
546 4519 689 4601 fatigaret
703 4519 819 4595 ruinis;

446 4603 609 4668 Indomitas
624 4625 715 4689 prope
732 4604 828 4688 qualis
838 4602 940 4671 ,undas

361 4686 495 4755 Exercet
508 4692 634 4770 Auster,
649 4689 809 4753 Pleiadum
824 4690 914 4753 choro

363 4772 525 4842 Scindente
541 4776 647 4857 nubes,
661 4775 790 4862 impiger
805 4776 934 4842 hostium
