2900 6042
1217 909 1225 916 ι

1304 992 1312 1003 ι

155 1222 158 1227 ¹
195 1264 262 1332 1¹18
627 1271 812 1321 sammon

196 1439 218 1476 ‘⁶
230 1435 296 1500 Aut
309 1432 421 1498 insanit
433 1431 521 1496 homo
536 1436 590 1494 aut
604 1448 710 1499 sersus
724 1424 833 1490 facit.”
878 1427 899 1460 “
913 1421 1007 1488 Ocius
1021 1422 1092 1489 hino
1107 1426 1140 1489 a

197 1521 242 1587 Ni
256 1520 349 1607 rapis,
364 1518 492 1583 accedes
507 1536 599 1601 opera
614 1536 688 1598 agro
702 1533 783 1577 nona
796 1510 940 1576 Sabino.''

597 1761 833 1774 ——-—

541 1936 896 2005 SATIRAVIII.

195 2118 217 2155 “
228 2114 281 2181 Ur
295 2113 454 2178 Nasidieni
464 2113 545 2197 juvit
559 2120 589 2175 te
606 2131 699 2174 coena
713 2107 822 2173 beati?

196 2201 279 2266 Nam
292 2201 364 2263 mihi
380 2200 538 2284 quaerenti
553 2218 710 2261 convrvam
725 2196 825 2259 dictus
838 2195 912 2260 here
927 2193 989 2259 illio

195 2285 245 2352 De
259 2286 357 2350 medio
372 2294 477 2370 potare
493 2284 573 2347 die.”
620 2288 640 2320 “
654 2281 705 2346 Sic
721 2289 756 2344 ut
769 2282 841 2344 mihi
855 2301 1012 2366 nunquam

195 2372 234 2437 In
249 2373 312 2436 vita
325 2372 417 2436 fuerit
431 2369 572 2434 melius.’'
618 2374 638 2406 “
652 2369 711 2444 Da,
727 2368 753 2430 si
768 2389 861 2451 grave
877 2374 1010 2448 nonest,

195 2457 280 2534 Quae
297 2459 390 2542 prima
406 2459 516 2522 iratum
531 2463 667 2519 ventrem
683 2454 849 2538 placaverit
863 2452 967 2517 esca’'

194 2545 267 2610 “In
283 2545 386 2629 primis
401 2543 542 2608 Lucanus
558 2563 631 2626 aper
644 2561 652 2618 ;
674 2541 734 2603 leni
750 2540 807 2603 fuit
824 2540 939 2604 Austro

195 2630 322 2715 Captus,
338 2640 372 2693 ut
386 2631 486 2694 aiebat
501 2650 612 2693 coenae
629 2636 735 2712 pater3
758 2626 841 2689 acria
855 2627 970 2690 circum

196 2715 329 2800 Rapula,
344 2717 493 2793 lactucae,
509 2716 638 2792 radices,
654 2713 755 2797 qualia
768 2713 880 2775 lassum

194 2802 371 2865 Pervellunt
385 2803 582 2879 stomachum,
598 2802 684 2878 siser,
701 2800 789 2877 allec,
805 2799 923 2862 faecula
939 2796 1014 2862 Ooa.

193 2886 253 2951 His
268 2887 319 2950 ubi
333 2887 457 2950 sublatis
473 2910 548 2970 puer
563 2889 623 2950 alte
639 2887 756 2949 cinctus
771 2906 913 2948 acernam
1209 2905 1242 2956 ιο

194 2971 337 3056 Gausapa
353 2994 503 3055 purpureo
519 2995 653 3035 mensam
669 2972 822 3055 pertersit,
838 2978 870 3033 ct
884 2972 962 3034 alter

195 3057 334 3142 Sublegit
349 3058 549 3141 quodcunque
561 3059 681 3142 jaceret
695 3058 801 3120 inutile
817 3057 958 3140 quodque

193 3143 302 3209 Posset
316 3151 477 3207 coenantes
491 3143 663 3219 offendere3
689 3153 723 3205 ut
740 3143 845 3205 Attica
859 3143 944 3226 virgo

194 3229 272 3295 cum
287 3229 380 3293 sacris
396 3228 516 3293 Cereris
530 3231 666 3314 procedit
681 3230 784 3292 fuscus
802 3228 965 3313 Hydaspes

193 3313 336 3381 Caecuba
352 3316 419 3379 vina
436 3316 546 3394 terens,
564 3316 662 3379 Alcon
680 3314 788 3378 Chium
804 3315 894 3378 maris
909 3335 1027 3400 expers·
1208 3336 1242 3387 rs

193 3401 255 3466 Hic
270 3402 381 3466 henas:
405 3402 569 3475 Albanum,
586 3401 761 3479 Maecenas,
777 3401 840 3463 sive
856 3400 1019 3466 Falernum

191 3487 347 3571 Tamagis
363 3489 506 3572 appositis
522 3488 665 3553 delectat.
681 3488 826 3551 habemus
840 3486 1036 3571 utrumque.”

191 3574 354 3638 “Divitias
369 3574 511 3639 miseras!
559 3573 620 3637 Sed
637 3573 704 3657 quis
719 3573 914 3636 coenantibus
929 3594 1001 3653 una,

191 3659 343 3738 Fundani,
359 3661 483 3744 pulchre
499 3661 592 3723 fuerit
607 3660 671 3738 tibi,
686 3681 773 3722 nosse
789 3659 927 3723 laboro.''

190 3751 213 3787 “
228 3745 368 3810 Summus
384 3768 440 3829 ego
456 3758 488 3810 et
504 3767 594 3830 prope
610 3767 658 3809 me
674 3746 786 3809 Viscus
802 3745 953 3809 Thurinus
967 3752 1002 3810 ot
1013 3744 1094 3811 infra
1204 3767 1240 3819 ω

193 3830 227 3897 Si
241 3833 362 3895 memini
377 3832 513 3908 Varins;
536 3854 605 3895 cum
622 3830 749 3895 Servilio
766 3832 928 3894 Balatrone

190 3917 342 3995 Vrbidius,
357 3939 433 4001 quas
448 3918 611 3982 Maecenas
626 3917 796 3981 adduxerat
811 3917 939 3981 umbras.

190 4002 402 4068 Nomentanus
418 4013 484 4067 erat
497 4025 589 4086 super
605 4005 714 4087 ipsum,
732 4003 858 4067 Porcius
873 4003 953 4068 infra

192 4085 353 4152 Ridiculus
368 4097 447 4152 totas
462 4091 556 4152 semel
571 4089 731 4153 obsorbere
748 4090 925 4172 placentes;

190 4173 401 4238 Nomentanus
417 4174 539 4252 adhoc,
555 4175 647 4258 quisi
663 4174 737 4258 quid
752 4175 829 4238 forte
845 4176 955 4238 lateret
1204 4196 1239 4247 ω

189 4258 297 4323 Indice
312 4268 494 4324 monstraret
510 4261 621 4344 digito:
646 4283 715 4324 nam
732 4269 836 4324 cetera
850 4261 951 4340 turba,

189 4344 268 4423 Nos,
282 4345 416 4429 inquam,
433 4368 594 4410 coenamus
609 4368 692 4423 aves,
709 4347 878 4430 conchylia,
895 4347 1003 4431 pisces,

190 4429 295 4516 Longe
312 4432 486 4496 dissimilem
501 4442 572 4497 noto
587 4434 718 4498 celantia
733 4452 877 4509 succum;

189 4516 237 4583 Ut
252 4519 299 4582 vel
315 4519 456 4582 continuo
474 4520 581 4603 patuit,
597 4541 665 4583 cum
682 4520 812 4603 passeris
828 4527 920 4603 atque

189 4603 354 4688 Iugustata
368 4606 440 4668 mihi
456 4616 631 4689 porrexerat
645 4607 698 4669 ilia
711 4606 836 4670 rhombi.

189 4688 265 4756 Post
279 4691 336 4755 hoo
351 4711 399 4755 me
416 4692 518 4756 docuit
532 4692 681 4756 melimela
696 4693 805 4757 rubere
820 4692 965 4756 minorem

189 4775 244 4842 Aa
257 4777 360 4843 lunam
374 4777 505 4843 delecta.
551 4777 632 4853 Quid
647 4779 703 4844 hoc
718 4779 839 4844 intersit
851 4778 891 4843 ab
905 4778 970 4862 ipsc
