<?xml version="1.0" encoding="UTF-8"?>
<!DOCTYPE html PUBLIC "-//W3C//DTD XHTML 1.0 Transitional//EN"
    "http://www.w3.org/TR/xhtml1/DTD/xhtml1-transitional.dtd">
<html xmlns="http://www.w3.org/1999/xhtml" xml:lang="en" lang="en">
 <head>
  <title>
</title>
<meta http-equiv="Content-Type" content="text/html;charset=utf-8" />
  <meta name='ocr-system' content='tesseract 3.04.00' />
  <meta name='ocr-capabilities' content='ocr_page ocr_carea ocr_par ocr_line ocrx_word'/>
</head>
<body>
  <div class='ocr_page' id='page_1' title='image "./workshoracewith00beckgoog_0139.png"; bbox 0 0 2900 6042; ppageno 0'>
   <div class='ocr_carea' id='block_1_1' title="bbox 1106 603 1293 999">
    <p class='ocr_par' dir='ltr' id='par_1_1' title="bbox 1065 603 1293 999">
     <span class='ocr_line' id='line_1_1' title="bbox 1106 603 1293 999; baseline 0.004 -6.82"><span class='ocrx_word' id='word_1_1' title='bbox 1106 603 1293 999; x_wconf 78' lang='lat'><strong>.⁴</strong></span> 
     </span>
    </p>
   </div>
   <div class='ocr_carea' id='block_1_2' title="bbox 580 1320 834 1369">
    <p class='ocr_par' dir='ltr' id='par_1_2' title="bbox 580 1320 834 1369">
     <span class='ocr_line' id='line_1_2' title="bbox 580 1320 834 1369; baseline 0.016 -3"><span class='ocrx_word' id='word_1_2' title='bbox 580 1320 705 1368; x_wconf 79' lang='lat' dir='ltr'><strong>EPODON</strong></span> <span class='ocrx_word' id='word_1_3' title='bbox 728 1322 834 1369; x_wconf 75' lang='lat' dir='ltr'><strong>musa.</strong></span> 
     </span>
    </p>
   </div>
   <div class='ocr_carea' id='block_1_3' title="bbox 351 1475 1228 4731">
    <p class='ocr_par' dir='ltr' id='par_1_3' title="bbox 353 1475 899 1560">
     <span class='ocr_line' id='line_1_3' title="bbox 353 1475 899 1560; baseline 0.002 -23"><span class='ocrx_word' id='word_1_4' title='bbox 353 1475 509 1560; x_wconf 87' lang='lat' dir='ltr'><strong>Injuriosis</strong></span> <span class='ocrx_word' id='word_1_5' title='bbox 525 1476 627 1539; x_wconf 86' lang='lat' dir='ltr'><strong>aridus</strong></span> <span class='ocrx_word' id='word_1_6' title='bbox 643 1477 738 1539; x_wconf 85' lang='lat' dir='ltr'><strong>ventis</strong></span> <span class='ocrx_word' id='word_1_7' title='bbox 754 1476 834 1538; x_wconf 85' lang='lat' dir='ltr'><strong>ferar</strong></span> <span class='ocrx_word' id='word_1_8' title='bbox 893 1510 899 1519; x_wconf 96' lang='lat'>·</span> 
     </span>
    </p>

    <p class='ocr_par' dir='ltr' id='par_1_4' title="bbox 352 1559 1228 1988">
     <span class='ocr_line' id='line_1_4' title="bbox 355 1559 1228 1635; baseline -0.001 -10"><span class='ocrx_word' id='word_1_9' title='bbox 355 1559 443 1625; x_wconf 79' lang='lat' dir='ltr'><strong>Celes</strong></span> <span class='ocrx_word' id='word_1_10' title='bbox 458 1562 581 1625; x_wconf 90' lang='lat' dir='ltr'><strong>venenis</strong></span> <span class='ocrx_word' id='word_1_11' title='bbox 595 1563 711 1625; x_wconf 88' lang='lat' dir='ltr'><strong>officina</strong></span> <span class='ocrx_word' id='word_1_12' title='bbox 727 1559 884 1625; x_wconf 85' lang='lat' dir='ltr'><strong>Colchicis.</strong></span> <span class='ocrx_word' id='word_1_13' title='bbox 1195 1587 1228 1635; x_wconf 78' lang='lat'><strong>3⁵</strong></span> 
     </span>
     <span class='ocr_line' id='line_1_5' title="bbox 353 1645 1092 1732; baseline 0.005 -23"><span class='ocrx_word' id='word_1_14' title='bbox 353 1645 438 1720; x_wconf 83' lang='lat' dir='ltr'><strong>Quae</strong></span> <span class='ocrx_word' id='word_1_15' title='bbox 454 1647 522 1709; x_wconf 87' lang='lat' dir='ltr'><strong>fiais</strong></span> <span class='ocrx_word' id='word_1_16' title='bbox 538 1656 591 1711; x_wconf 94' lang='lat' dir='ltr'><strong>aut</strong></span> <span class='ocrx_word' id='word_1_17' title='bbox 605 1648 685 1731; x_wconf 92' lang='lat' dir='ltr'><strong>quod</strong></span> <span class='ocrx_word' id='word_1_18' title='bbox 700 1669 747 1710; x_wconf 89' lang='lat' dir='ltr'><strong>me</strong></span> <span class='ocrx_word' id='word_1_19' title='bbox 765 1653 867 1710; x_wconf 88' lang='lat' dir='ltr'><strong>manet</strong></span> <span class='ocrx_word' id='word_1_20' title='bbox 884 1647 1092 1732; x_wconf 74' lang='lat' dir='ltr'><strong>stipendium?</strong></span> 
     </span>
     <span class='ocr_line' id='line_1_6' title="bbox 352 1733 985 1818; baseline 0.003 -23"><span class='ocrx_word' id='word_1_21' title='bbox 352 1733 452 1796; x_wconf 83' lang='lat' dir='ltr'><strong>Effare</strong></span> <span class='ocrx_word' id='word_1_22' title='bbox 467 1751 475 1808; x_wconf 91' lang='lat'>;</span> <span class='ocrx_word' id='word_1_23' title='bbox 493 1734 594 1818; x_wconf 87' lang='lat' dir='ltr'><strong>jussas</strong></span> <span class='ocrx_word' id='word_1_24' title='bbox 609 1755 677 1795; x_wconf 89' lang='lat' dir='ltr'><strong>cam</strong></span> <span class='ocrx_word' id='word_1_25' title='bbox 691 1733 750 1795; x_wconf 87' lang='lat' dir='ltr'><strong>fide</strong></span> <span class='ocrx_word' id='word_1_26' title='bbox 768 1754 879 1816; x_wconf 83' lang='lat' dir='ltr'><strong>poenas</strong></span> <span class='ocrx_word' id='word_1_27' title='bbox 892 1735 985 1813; x_wconf 87' lang='lat' dir='ltr'><strong>luam,</strong></span> 
     </span>
     <span class='ocr_line' id='line_1_7' title="bbox 354 1818 967 1901; baseline 0 -20"><span class='ocrx_word' id='word_1_28' title='bbox 354 1818 485 1881; x_wconf 80' lang='lat' dir='ltr'><strong>Paratus</strong></span> <span class='ocrx_word' id='word_1_29' title='bbox 500 1819 632 1901; x_wconf 80' lang='lat' dir='ltr'><strong>expiare,</strong></span> <span class='ocrx_word' id='word_1_30' title='bbox 647 1839 701 1881; x_wconf 90' lang='lat' dir='ltr'><strong>seu</strong></span> <span class='ocrx_word' id='word_1_31' title='bbox 717 1819 886 1900; x_wconf 88' lang='lat' dir='ltr'><strong>poposceris</strong></span> <span class='ocrx_word' id='word_1_32' title='bbox 965 1825 967 1827; x_wconf 79' lang='grc'><strong>’</strong></span> 
     </span>
     <span class='ocr_line' id='line_1_8' title="bbox 353 1902 969 1988; baseline 0.003 -23"><span class='ocrx_word' id='word_1_33' title='bbox 353 1903 482 1966; x_wconf 84' lang='lat' dir='ltr'><strong>Centum</strong></span> <span class='ocrx_word' id='word_1_34' title='bbox 492 1905 650 1988; x_wconf 88' lang='lat' dir='ltr'><strong>juvencos,</strong></span> <span class='ocrx_word' id='word_1_35' title='bbox 666 1902 730 1965; x_wconf 86' lang='lat' dir='ltr'><strong>sive</strong></span> <span class='ocrx_word' id='word_1_36' title='bbox 745 1902 884 1965; x_wconf 83' lang='lat' dir='ltr'><strong>mendaci</strong></span> <span class='ocrx_word' id='word_1_37' title='bbox 900 1903 969 1988; x_wconf 81' lang='lat' dir='ltr'><strong>lyra</strong></span> 
     </span>
    </p>

    <p class='ocr_par' dir='ltr' id='par_1_5' title="bbox 354 1988 940 2138">
     <span class='ocr_line' id='line_1_9' title="bbox 354 1988 940 2073; baseline 0.003 -22"><span class='ocrx_word' id='word_1_38' title='bbox 354 1989 447 2052; x_wconf 87' lang='lat' dir='ltr'><strong>Voles</strong></span> <span class='ocrx_word' id='word_1_39' title='bbox 463 1990 578 2053; x_wconf 87' lang='lat' dir='ltr'><strong>sonari:</strong></span> <span class='ocrx_word' id='word_1_40' title='bbox 600 1988 647 2051; x_wconf 78' lang='lat' dir='ltr'><strong>&#39;lu</strong></span> <span class='ocrx_word' id='word_1_41' title='bbox 662 1988 782 2071; x_wconf 88' lang='lat' dir='ltr'><strong>pudiea,</strong></span> <span class='ocrx_word' id='word_1_42' title='bbox 798 1997 832 2051; x_wconf 94' lang='lat' dir='ltr'><strong>tu</strong></span> <span class='ocrx_word' id='word_1_43' title='bbox 847 1990 940 2073; x_wconf 86' lang='lat' dir='ltr'><strong>proba</strong></span> 
     </span>
     <span class='ocr_line' id='line_1_10' title="bbox 354 2074 921 2138; baseline 0 0"><span class='ocrx_word' id='word_1_44' title='bbox 354 2074 579 2138; x_wconf 86' lang='lat' dir='ltr'><strong>Perambulabis</strong></span> <span class='ocrx_word' id='word_1_45' title='bbox 594 2083 675 2136; x_wconf 88' lang='lat' dir='ltr'><strong>astra</strong></span> <span class='ocrx_word' id='word_1_46' title='bbox 689 2074 772 2137; x_wconf 89' lang='lat' dir='ltr'><strong>sidus</strong></span> <span class='ocrx_word' id='word_1_47' title='bbox 786 2095 921 2138; x_wconf 83' lang='lat' dir='ltr'><strong>aureum.</strong></span> 
     </span>
    </p>

    <p class='ocr_par' dir='ltr' id='par_1_6' title="bbox 351 2158 1007 2415">
     <span class='ocr_line' id='line_1_11' title="bbox 353 2158 1007 2224; baseline 0.005 -3"><span class='ocrx_word' id='word_1_48' title='bbox 353 2160 477 2222; x_wconf 79' lang='lat' dir='ltr'><strong>Infamia</strong></span> <span class='ocrx_word' id='word_1_49' title='bbox 493 2160 630 2223; x_wconf 82' lang='lat' dir='ltr'><strong>Helenae</strong></span> <span class='ocrx_word' id='word_1_50' title='bbox 646 2158 754 2223; x_wconf 78' lang='lat' dir='ltr'><strong>Castor</strong></span> <span class='ocrx_word' id='word_1_51' title='bbox 767 2161 895 2224; x_wconf 84' lang='lat' dir='ltr'><strong>offensus</strong></span> <span class='ocrx_word' id='word_1_52' title='bbox 910 2160 1007 2224; x_wconf 86' lang='lat' dir='ltr'><strong>vicem</strong></span> 
     </span>
     <span class='ocr_line' id='line_1_12' title="bbox 351 2243 985 2330; baseline 0.006 -24"><span class='ocrx_word' id='word_1_53' title='bbox 351 2245 519 2328; x_wconf 90' lang='lat' dir='ltr'><strong>Fraterque</strong></span> <span class='ocrx_word' id='word_1_54' title='bbox 534 2246 635 2328; x_wconf 81' lang='lat' dir='ltr'><strong>magni</strong></span> <span class='ocrx_word' id='word_1_55' title='bbox 651 2243 784 2309; x_wconf 82' lang='lat' dir='ltr'><strong>Castoris</strong></span> <span class='ocrx_word' id='word_1_56' title='bbox 811 2246 882 2308; x_wconf 86' lang='lat' dir='ltr'><strong>vieti</strong></span> <span class='ocrx_word' id='word_1_57' title='bbox 896 2266 985 2330; x_wconf 77' lang='lat' dir='ltr'><strong>prese</strong></span> 
     </span>
     <span class='ocr_line' id='line_1_13' title="bbox 353 2330 899 2415; baseline 0.004 -23"><span class='ocrx_word' id='word_1_58' title='bbox 353 2330 509 2415; x_wconf 87' lang='lat' dir='ltr'><strong>Adempta</strong></span> <span class='ocrx_word' id='word_1_59' title='bbox 524 2331 586 2395; x_wconf 88' lang='lat' dir='ltr'><strong>vati</strong></span> <span class='ocrx_word' id='word_1_60' title='bbox 602 2331 763 2395; x_wconf 86' lang='lat' dir='ltr'><strong>reddidere</strong></span> <span class='ocrx_word' id='word_1_61' title='bbox 777 2330 899 2394; x_wconf 83' lang='lat' dir='ltr'><strong>lumina</strong></span> 
     </span>
    </p>

    <p class='ocr_par' dir='ltr' id='par_1_7' title="bbox 353 2415 983 2500">
     <span class='ocr_line' id='line_1_14' title="bbox 353 2415 983 2500; baseline 0.005 -22"><span class='ocrx_word' id='word_1_62' title='bbox 353 2415 395 2479; x_wconf 88' lang='lat' dir='ltr'><strong>Et</strong></span> <span class='ocrx_word' id='word_1_63' title='bbox 409 2423 454 2495; x_wconf 90' lang='lat' dir='ltr'><strong>tu,</strong></span> <span class='ocrx_word' id='word_1_64' title='bbox 470 2423 554 2500; x_wconf 89' lang='lat' dir='ltr'><strong>potes</strong></span> <span class='ocrx_word' id='word_1_65' title='bbox 568 2439 647 2496; x_wconf 90' lang='lat' dir='ltr'><strong>nam,</strong></span> <span class='ocrx_word' id='word_1_66' title='bbox 662 2418 743 2481; x_wconf 80' lang='lat' dir='ltr'><strong>solve</strong></span> <span class='ocrx_word' id='word_1_67' title='bbox 758 2439 806 2480; x_wconf 90' lang='lat' dir='ltr'><strong>mu</strong></span> <span class='ocrx_word' id='word_1_68' title='bbox 821 2416 983 2499; x_wconf 86' lang='lat' dir='ltr'><strong>dementia,</strong></span> 
     </span>
    </p>

    <p class='ocr_par' dir='ltr' id='par_1_8' title="bbox 354 2501 908 2586">
     <span class='ocr_line' id='line_1_15' title="bbox 354 2501 908 2586; baseline 0.005 -22"><span class='ocrx_word' id='word_1_69' title='bbox 354 2501 381 2564; x_wconf 98' lang='lat' dir='ltr'><strong>O</strong></span> <span class='ocrx_word' id='word_1_70' title='bbox 397 2522 453 2565; x_wconf 90' lang='lat' dir='ltr'><strong>nee</strong></span> <span class='ocrx_word' id='word_1_71' title='bbox 469 2504 600 2586; x_wconf 89' lang='lat' dir='ltr'><strong>paternis</strong></span> <span class='ocrx_word' id='word_1_72' title='bbox 616 2504 747 2566; x_wconf 88' lang='lat' dir='ltr'><strong>obsoleta</strong></span> <span class='ocrx_word' id='word_1_73' title='bbox 761 2502 908 2581; x_wconf 89' lang='lat' dir='ltr'><strong>sordibus,</strong></span> 
     </span>
    </p>

    <p class='ocr_par' dir='ltr' id='par_1_9' title="bbox 351 2587 1083 2756">
     <span class='ocr_line' id='line_1_16' title="bbox 353 2587 1083 2673; baseline 0.008 -23"><span class='ocrx_word' id='word_1_74' title='bbox 353 2587 463 2671; x_wconf 88' lang='lat' dir='ltr'><strong>Neque</strong></span> <span class='ocrx_word' id='word_1_75' title='bbox 478 2590 510 2651; x_wconf 90' lang='lat' dir='ltr'><strong>iu</strong></span> <span class='ocrx_word' id='word_1_76' title='bbox 524 2589 667 2671; x_wconf 82' lang='lat' dir='ltr'><strong>sepulcris</strong></span> <span class='ocrx_word' id='word_1_77' title='bbox 682 2610 847 2671; x_wconf 88' lang='lat' dir='ltr'><strong>pauperum</strong></span> <span class='ocrx_word' id='word_1_78' title='bbox 862 2587 994 2673; x_wconf 77' lang='lat' dir='ltr'><strong>prudens</strong></span> <span class='ocrx_word' id='word_1_79' title='bbox 1008 2607 1083 2656; x_wconf 77' lang='lat' dir='ltr'><strong>auus</strong></span> 
     </span>
     <span class='ocr_line' id='line_1_17' title="bbox 351 2673 877 2756; baseline 0.004 -21"><span class='ocrx_word' id='word_1_80' title='bbox 351 2673 554 2736; x_wconf 78' lang='lat' dir='ltr'><strong>Nouendiales</strong></span> <span class='ocrx_word' id='word_1_81' title='bbox 569 2674 712 2756; x_wconf 88' lang='lat' dir='ltr'><strong>dissipare</strong></span> <span class='ocrx_word' id='word_1_82' title='bbox 728 2675 877 2756; x_wconf 83' lang='lat' dir='ltr'><strong>pulveres.</strong></span> 
     </span>
    </p>

    <p class='ocr_par' dir='ltr' id='par_1_10' title="bbox 351 2758 1000 2927">
     <span class='ocr_line' id='line_1_18' title="bbox 353 2758 1000 2846; baseline 0.005 -25"><span class='ocrx_word' id='word_1_83' title='bbox 353 2758 419 2821; x_wconf 80' lang='lat' dir='ltr'><strong>Tibi</strong></span> <span class='ocrx_word' id='word_1_84' title='bbox 434 2760 579 2843; x_wconf 90' lang='lat' dir='ltr'><strong>hospitale</strong></span> <span class='ocrx_word' id='word_1_85' title='bbox 595 2767 700 2842; x_wconf 90' lang='lat' dir='ltr'><strong>pectus</strong></span> <span class='ocrx_word' id='word_1_86' title='bbox 728 2767 760 2822; x_wconf 91' lang='lat' dir='ltr'><strong>et</strong></span> <span class='ocrx_word' id='word_1_87' title='bbox 773 2781 866 2842; x_wconf 91' lang='lat' dir='ltr'><strong>purae</strong></span> <span class='ocrx_word' id='word_1_88' title='bbox 882 2780 1000 2846; x_wconf 88' lang='lat' dir='ltr'><strong>manus,</strong></span> 
     </span>
     <span class='ocr_line' id='line_1_19' title="bbox 351 2844 945 2927; baseline 0.005 -21"><span class='ocrx_word' id='word_1_89' title='bbox 351 2844 493 2927; x_wconf 69' lang='lat' dir='ltr'><strong>&#39;suusque</strong></span> <span class='ocrx_word' id='word_1_90' title='bbox 509 2851 614 2907; x_wconf 88' lang='lat' dir='ltr'><strong>venter</strong></span> <span class='ocrx_word' id='word_1_91' title='bbox 629 2845 832 2923; x_wconf 81' lang='lat' dir='ltr'><strong>Pactumeius,</strong></span> <span class='ocrx_word' id='word_1_92' title='bbox 847 2854 879 2908; x_wconf 93' lang='lat' dir='ltr'><strong>et</strong></span> <span class='ocrx_word' id='word_1_93' title='bbox 893 2852 945 2909; x_wconf 90' lang='lat' dir='ltr'><strong>tuo</strong></span> 
     </span>
    </p>

    <p class='ocr_par' dir='ltr' id='par_1_11' title="bbox 352 2928 972 3099">
     <span class='ocr_line' id='line_1_20' title="bbox 354 2928 972 3013; baseline 0.006 -21"><span class='ocrx_word' id='word_1_94' title='bbox 354 2928 468 2993; x_wconf 86' lang='lat' dir='ltr'><strong>Oruore</strong></span> <span class='ocrx_word' id='word_1_95' title='bbox 483 2931 588 2993; x_wconf 91' lang='lat' dir='ltr'><strong>rubros</strong></span> <span class='ocrx_word' id='word_1_96' title='bbox 602 2930 746 2993; x_wconf 80' lang='lat' dir='ltr'><strong>obstetrix</strong></span> <span class='ocrx_word' id='word_1_97' title='bbox 760 2951 873 3013; x_wconf 86' lang='lat' dir='ltr'><strong>pannos</strong></span> <span class='ocrx_word' id='word_1_98' title='bbox 888 2931 972 3012; x_wconf 80' lang='lat' dir='ltr'><strong>lavit,</strong></span> 
     </span>
     <span class='ocr_line' id='line_1_21' title="bbox 352 3013 905 3099; baseline 0.002 -21"><span class='ocrx_word' id='word_1_99' title='bbox 352 3013 517 3098; x_wconf 88' lang='lat' dir='ltr'><strong>Utcunque</strong></span> <span class='ocrx_word' id='word_1_100' title='bbox 532 3016 617 3078; x_wconf 87' lang='lat' dir='ltr'><strong>fortis</strong></span> <span class='ocrx_word' id='word_1_101' title='bbox 632 3016 731 3079; x_wconf 79' lang='lat' dir='ltr'><strong>exsilis</strong></span> <span class='ocrx_word' id='word_1_102' title='bbox 746 3036 905 3099; x_wconf 86' lang='lat' dir='ltr'><strong>puerpera.</strong></span> 
     </span>
    </p>

    <p class='ocr_par' dir='ltr' id='par_1_12' title="bbox 352 3099 1030 3853">
     <span class='ocr_line' id='line_1_22' title="bbox 395 3099 1025 3189; baseline 0.011 -27"><span class='ocrx_word' id='word_1_103' title='bbox 395 3099 476 3173; x_wconf 84' lang='lat' dir='ltr'><strong>Quid</strong></span> <span class='ocrx_word' id='word_1_104' title='bbox 488 3102 634 3166; x_wconf 89' lang='lat' dir='ltr'><strong>obseratis</strong></span> <span class='ocrx_word' id='word_1_105' title='bbox 644 3102 767 3166; x_wconf 90' lang='lat' dir='ltr'><strong>auribus</strong></span> <span class='ocrx_word' id='word_1_106' title='bbox 778 3103 881 3167; x_wconf 87' lang='lat' dir='ltr'><strong>fundis</strong></span> <span class='ocrx_word' id='word_1_107' title='bbox 892 3125 999 3189; x_wconf 84' lang='lat' dir='ltr'><strong>preces</strong></span> <span class='ocrx_word' id='word_1_108' title='bbox 1012 3105 1025 3169; x_wconf 86' lang='lat' dir='ltr'><strong>l</strong></span> 
     </span>
     <span class='ocr_line' id='line_1_23' title="bbox 355 3187 891 3253; baseline 0.004 -2"><span class='ocrx_word' id='word_1_109' title='bbox 355 3187 427 3252; x_wconf 87' lang='lat' dir='ltr'><strong>Nou</strong></span> <span class='ocrx_word' id='word_1_110' title='bbox 442 3210 515 3252; x_wconf 88' lang='lat' dir='ltr'><strong>saxa</strong></span> <span class='ocrx_word' id='word_1_111' title='bbox 529 3190 616 3252; x_wconf 89' lang='lat' dir='ltr'><strong>nudis</strong></span> <span class='ocrx_word' id='word_1_112' title='bbox 633 3190 769 3253; x_wconf 84' lang='lat' dir='ltr'><strong>surdiora</strong></span> <span class='ocrx_word' id='word_1_113' title='bbox 783 3190 891 3253; x_wconf 87' lang='lat' dir='ltr'><strong>navitis</strong></span> 
     </span>
     <span class='ocr_line' id='line_1_24' title="bbox 354 3274 946 3357; baseline 0.007 -21"><span class='ocrx_word' id='word_1_114' title='bbox 354 3274 515 3357; x_wconf 88' lang='lat' dir='ltr'><strong>Neptunus</strong></span> <span class='ocrx_word' id='word_1_115' title='bbox 531 3277 589 3337; x_wconf 89' lang='lat' dir='ltr'><strong>alto</strong></span> <span class='ocrx_word' id='word_1_116' title='bbox 605 3275 704 3338; x_wconf 91' lang='lat' dir='ltr'><strong>tundit</strong></span> <span class='ocrx_word' id='word_1_117' title='bbox 716 3276 859 3339; x_wconf 89' lang='lat' dir='ltr'><strong>hibernus</strong></span> <span class='ocrx_word' id='word_1_118' title='bbox 874 3277 946 3340; x_wconf 82' lang='lat' dir='ltr'><strong>selo.</strong></span> 
     </span>
     <span class='ocr_line' id='line_1_25' title="bbox 354 3359 836 3439; baseline -0.002 -14"><span class='ocrx_word' id='word_1_119' title='bbox 354 3359 473 3425; x_wconf 90' lang='lat' dir='ltr'><strong>Inultus</strong></span> <span class='ocrx_word' id='word_1_120' title='bbox 488 3368 522 3423; x_wconf 92' lang='lat' dir='ltr'><strong>ut</strong></span> <span class='ocrx_word' id='word_1_121' title='bbox 537 3369 570 3422; x_wconf 93' lang='lat' dir='ltr'><strong>tu</strong></span> <span class='ocrx_word' id='word_1_122' title='bbox 584 3361 684 3423; x_wconf 88' lang='lat' dir='ltr'><strong>riseris</strong></span> <span class='ocrx_word' id='word_1_123' title='bbox 701 3360 836 3439; x_wconf 78' lang='lat' dir='ltr'><strong>Cotpttia</strong></span> 
     </span>
     <span class='ocr_line' id='line_1_26' title="bbox 353 3445 915 3529; baseline 0.002 -20"><span class='ocrx_word' id='word_1_124' title='bbox 353 3446 499 3528; x_wconf 77' lang='lat' dir='ltr'><strong>Vulgata,</strong></span> <span class='ocrx_word' id='word_1_125' title='bbox 515 3467 633 3509; x_wconf 82' lang='lat' dir='ltr'><strong>sacrum</strong></span> <span class='ocrx_word' id='word_1_126' title='bbox 648 3447 734 3508; x_wconf 83' lang='lat' dir='ltr'><strong>liberi</strong></span> <span class='ocrx_word' id='word_1_127' title='bbox 749 3445 915 3529; x_wconf 57' lang='lat' dir='ltr'><strong>Cupidinis</strong></span> 
     </span>
     <span class='ocr_line' id='line_1_27' title="bbox 354 3530 851 3617; baseline 0 -23"><span class='ocrx_word' id='word_1_128' title='bbox 354 3530 396 3595; x_wconf 86' lang='lat' dir='ltr'><strong>Et</strong></span> <span class='ocrx_word' id='word_1_129' title='bbox 411 3533 554 3617; x_wconf 82' lang='lat' dir='ltr'><strong>Esquilini</strong></span> <span class='ocrx_word' id='word_1_130' title='bbox 573 3532 710 3595; x_wconf 86' lang='lat' dir='ltr'><strong>Pontifex</strong></span> <span class='ocrx_word' id='word_1_131' title='bbox 728 3533 851 3595; x_wconf 83' lang='lat' dir='ltr'><strong>venetici</strong></span> 
     </span>
     <span class='ocr_line' id='line_1_28' title="bbox 352 3609 1030 3702; baseline -0.003 -21"><span class='ocrx_word' id='word_1_132' title='bbox 352 3617 479 3702; x_wconf 88' lang='lat' dir='ltr'><strong>Impune</strong></span> <span class='ocrx_word' id='word_1_133' title='bbox 495 3626 529 3682; x_wconf 90' lang='lat' dir='ltr'><strong>ut</strong></span> <span class='ocrx_word' id='word_1_134' title='bbox 544 3618 657 3683; x_wconf 90' lang='lat' dir='ltr'><strong>Urbem</strong></span> <span class='ocrx_word' id='word_1_135' title='bbox 672 3619 789 3681; x_wconf 90' lang='lat' dir='ltr'><strong>nomine</strong></span> <span class='ocrx_word' id='word_1_136' title='bbox 804 3617 936 3701; x_wconf 88' lang='lat' dir='ltr'><strong>impleris</strong></span> <span class='ocrx_word' id='word_1_137' title='bbox 949 3609 1030 3683; x_wconf 80' lang='lat' dir='ltr'><strong>meo!</strong></span> 
     </span>
     <span class='ocr_line' id='line_1_29' title="bbox 354 3702 977 3789; baseline -0.005 -21"><span class='ocrx_word' id='word_1_138' title='bbox 354 3702 434 3777; x_wconf 74' lang='lat' dir='ltr'><strong>Qud</strong></span> <span class='ocrx_word' id='word_1_139' title='bbox 448 3705 590 3787; x_wconf 88' lang='lat' dir='ltr'><strong>proderat</strong></span> <span class='ocrx_word' id='word_1_140' title='bbox 605 3705 715 3766; x_wconf 84' lang='lat' dir='ltr'><strong>ditasse</strong></span> <span class='ocrx_word' id='word_1_141' title='bbox 733 3704 873 3784; x_wconf 80' lang='lat' dir='ltr'><strong>Pelignus</strong></span> <span class='ocrx_word' id='word_1_142' title='bbox 888 3722 977 3789; x_wconf 81' lang='lat' dir='ltr'><strong>anus,</strong></span> 
     </span>
     <span class='ocr_line' id='line_1_30' title="bbox 353 3788 872 3853; baseline 0 -2"><span class='ocrx_word' id='word_1_143' title='bbox 353 3789 532 3853; x_wconf 86' lang='lat' dir='ltr'><strong>Velociusve</strong></span> <span class='ocrx_word' id='word_1_144' title='bbox 547 3791 699 3852; x_wconf 85' lang='lat' dir='ltr'><strong>miscuisse</strong></span> <span class='ocrx_word' id='word_1_145' title='bbox 717 3788 872 3852; x_wconf 82' lang='lat' dir='ltr'><strong>toxicum?</strong></span> 
     </span>
    </p>

    <p class='ocr_par' dir='ltr' id='par_1_13' title="bbox 353 3873 1005 4130">
     <span class='ocr_line' id='line_1_31' title="bbox 355 3873 934 3938; baseline 0.002 -2"><span class='ocrx_word' id='word_1_146' title='bbox 355 3873 416 3937; x_wconf 84' lang='lat' dir='ltr'><strong>Sed</strong></span> <span class='ocrx_word' id='word_1_147' title='bbox 431 3877 562 3938; x_wconf 83' lang='lat' dir='ltr'><strong>tardiora</strong></span> <span class='ocrx_word' id='word_1_148' title='bbox 577 3876 639 3938; x_wconf 82' lang='lat' dir='ltr'><strong>lata</strong></span> <span class='ocrx_word' id='word_1_149' title='bbox 655 3885 683 3938; x_wconf 90' lang='lat' dir='ltr'><strong>te</strong></span> <span class='ocrx_word' id='word_1_150' title='bbox 701 3876 776 3938; x_wconf 86' lang='lat' dir='ltr'><strong>votis</strong></span> <span class='ocrx_word' id='word_1_151' title='bbox 792 3880 934 3938; x_wconf 87' lang='lat' dir='ltr'><strong>manent:</strong></span> 
     </span>
     <span class='ocr_line' id='line_1_32' title="bbox 353 3958 1005 4041; baseline 0.009 -21"><span class='ocrx_word' id='word_1_152' title='bbox 353 3958 478 4041; x_wconf 77' lang='lat' dir='ltr'><strong>ingrata</strong></span> <span class='ocrx_word' id='word_1_153' title='bbox 492 3962 599 4023; x_wconf 89' lang='lat' dir='ltr'><strong>misero</strong></span> <span class='ocrx_word' id='word_1_154' title='bbox 615 3962 676 4023; x_wconf 84' lang='lat' dir='ltr'><strong>vita</strong></span> <span class='ocrx_word' id='word_1_155' title='bbox 691 3961 830 4023; x_wconf 85' lang='lat' dir='ltr'><strong>ducenda</strong></span> <span class='ocrx_word' id='word_1_156' title='bbox 845 3974 891 4023; x_wconf 87' lang='lat' dir='ltr'><strong>est</strong></span> <span class='ocrx_word' id='word_1_157' title='bbox 904 3960 936 4023; x_wconf 92' lang='lat' dir='ltr'><strong>in</strong></span> <span class='ocrx_word' id='word_1_158' title='bbox 949 3961 1005 4026; x_wconf 86' lang='lat' dir='ltr'><strong>hoo</strong></span> 
     </span>
     <span class='ocr_line' id='line_1_33' title="bbox 354 4044 939 4130; baseline 0.003 -24"><span class='ocrx_word' id='word_1_159' title='bbox 354 4044 449 4107; x_wconf 87' lang='lat' dir='ltr'><strong>Novis</strong></span> <span class='ocrx_word' id='word_1_160' title='bbox 464 4054 498 4106; x_wconf 87' lang='lat' dir='ltr'><strong>ut</strong></span> <span class='ocrx_word' id='word_1_161' title='bbox 513 4068 607 4128; x_wconf 90' lang='lat' dir='ltr'><strong>usque</strong></span> <span class='ocrx_word' id='word_1_162' title='bbox 622 4055 764 4130; x_wconf 85' lang='lat' dir='ltr'><strong>suppetas</strong></span> <span class='ocrx_word' id='word_1_163' title='bbox 779 4047 939 4109; x_wconf 80' lang='lat' dir='ltr'><strong>laboribus.</strong></span> 
     </span>
    </p>

    <p class='ocr_par' dir='ltr' id='par_1_14' title="bbox 352 4129 1022 4385">
     <span class='ocr_line' id='line_1_34' title="bbox 353 4129 937 4215; baseline 0.003 -23"><span class='ocrx_word' id='word_1_164' title='bbox 353 4129 447 4214; x_wconf 89' lang='lat' dir='ltr'><strong>Optat</strong></span> <span class='ocrx_word' id='word_1_165' title='bbox 462 4131 593 4213; x_wconf 89' lang='lat' dir='ltr'><strong>quietem</strong></span> <span class='ocrx_word' id='word_1_166' title='bbox 608 4132 728 4214; x_wconf 86' lang='lat' dir='ltr'><strong>Pelopis</strong></span> <span class='ocrx_word' id='word_1_167' title='bbox 743 4133 826 4195; x_wconf 89' lang='lat' dir='ltr'><strong>iutidi</strong></span> <span class='ocrx_word' id='word_1_168' title='bbox 841 4141 937 4215; x_wconf 88' lang='lat' dir='ltr'><strong>pater,</strong></span> 
     </span>
     <span class='ocr_line' id='line_1_35' title="bbox 354 4215 1022 4302; baseline 0.004 -24"><span class='ocrx_word' id='word_1_169' title='bbox 354 4215 456 4299; x_wconf 85' lang='lat' dir='ltr'><strong>Egens</strong></span> <span class='ocrx_word' id='word_1_170' title='bbox 471 4217 617 4298; x_wconf 83' lang='lat' dir='ltr'><strong>benignae</strong></span> <span class='ocrx_word' id='word_1_171' title='bbox 633 4217 777 4280; x_wconf 79' lang='lat' dir='ltr'><strong>Taratalus</strong></span> <span class='ocrx_word' id='word_1_172' title='bbox 792 4239 910 4299; x_wconf 86' lang='lat' dir='ltr'><strong>semper</strong></span> <span class='ocrx_word' id='word_1_173' title='bbox 925 4217 1022 4302; x_wconf 86' lang='lat' dir='ltr'><strong>dapis,</strong></span> 
     </span>
     <span class='ocr_line' id='line_1_36' title="bbox 352 4301 911 4385; baseline 0.004 -21"><span class='ocrx_word' id='word_1_174' title='bbox 352 4301 447 4384; x_wconf 89' lang='lat' dir='ltr'><strong>Optat</strong></span> <span class='ocrx_word' id='word_1_175' title='bbox 462 4302 658 4364; x_wconf 88' lang='lat' dir='ltr'><strong>Prometheus</strong></span> <span class='ocrx_word' id='word_1_176' title='bbox 673 4303 821 4385; x_wconf 84' lang='lat' dir='ltr'><strong>obligatus</strong></span> <span class='ocrx_word' id='word_1_177' title='bbox 836 4303 911 4379; x_wconf 85' lang='lat' dir='ltr'><strong>aliti,</strong></span> 
     </span>
    </p>

    <p class='ocr_par' dir='ltr' id='par_1_15' title="bbox 354 4386 924 4472">
     <span class='ocr_line' id='line_1_37' title="bbox 354 4386 924 4472; baseline 0.002 -22"><span class='ocrx_word' id='word_1_178' title='bbox 354 4386 447 4471; x_wconf 86' lang='lat' dir='ltr'><strong>Optat</strong></span> <span class='ocrx_word' id='word_1_179' title='bbox 462 4409 599 4470; x_wconf 87' lang='lat' dir='ltr'><strong>supreme</strong></span> <span class='ocrx_word' id='word_1_180' title='bbox 615 4389 760 4451; x_wconf 89' lang='lat' dir='ltr'><strong>collocare</strong></span> <span class='ocrx_word' id='word_1_181' title='bbox 779 4389 924 4472; x_wconf 76' lang='lat' dir='ltr'><strong>Sisyphus</strong></span> 
     </span>
    </p>

    <p class='ocr_par' dir='ltr' id='par_1_16' title="bbox 352 4473 1050 4639">
     <span class='ocr_line' id='line_1_38' title="bbox 352 4473 1050 4557; baseline 0.004 -22"><span class='ocrx_word' id='word_1_182' title='bbox 352 4473 389 4535; x_wconf 90' lang='lat' dir='ltr'><strong>In</strong></span> <span class='ocrx_word' id='word_1_183' title='bbox 405 4481 506 4536; x_wconf 90' lang='lat' dir='ltr'><strong>moute</strong></span> <span class='ocrx_word' id='word_1_184' title='bbox 523 4495 644 4550; x_wconf 81' lang='lat' dir='ltr'><strong>saxum3</strong></span> <span class='ocrx_word' id='word_1_185' title='bbox 667 4474 720 4536; x_wconf 92' lang='lat' dir='ltr'><strong>sed</strong></span> <span class='ocrx_word' id='word_1_186' title='bbox 738 4483 842 4537; x_wconf 88' lang='lat' dir='ltr'><strong>vetant</strong></span> <span class='ocrx_word' id='word_1_187' title='bbox 855 4477 938 4557; x_wconf 86' lang='lat' dir='ltr'><strong>leges</strong></span> <span class='ocrx_word' id='word_1_188' title='bbox 953 4473 1050 4540; x_wconf 83' lang='lat' dir='ltr'><strong>Jovis.</strong></span> 
     </span>
     <span class='ocr_line' id='line_1_39' title="bbox 352 4558 922 4639; baseline 0.004 -18"><span class='ocrx_word' id='word_1_189' title='bbox 352 4558 445 4622; x_wconf 87' lang='lat' dir='ltr'><strong>Voles</strong></span> <span class='ocrx_word' id='word_1_190' title='bbox 460 4560 547 4623; x_wconf 89' lang='lat' dir='ltr'><strong>modo</strong></span> <span class='ocrx_word' id='word_1_191' title='bbox 562 4561 629 4622; x_wconf 86' lang='lat' dir='ltr'><strong>altis</strong></span> <span class='ocrx_word' id='word_1_192' title='bbox 645 4561 763 4622; x_wconf 89' lang='lat' dir='ltr'><strong>desilire</strong></span> <span class='ocrx_word' id='word_1_193' title='bbox 780 4561 922 4639; x_wconf 88' lang='lat' dir='ltr'><strong>turribus,</strong></span> 
     </span>
    </p>

    <p class='ocr_par' dir='ltr' id='par_1_17' title="bbox 351 4642 962 4731">
     <span class='ocr_line' id='line_1_40' title="bbox 351 4642 962 4731; baseline -0.003 -19"><span class='ocrx_word' id='word_1_194' title='bbox 351 4642 442 4712; x_wconf 89' lang='lat' dir='ltr'><strong>Modo</strong></span> <span class='ocrx_word' id='word_1_195' title='bbox 457 4667 528 4708; x_wconf 85' lang='lat' dir='ltr'><strong>ense</strong></span> <span class='ocrx_word' id='word_1_196' title='bbox 545 4655 649 4731; x_wconf 89' lang='lat' dir='ltr'><strong>peetus</strong></span> <span class='ocrx_word' id='word_1_197' title='bbox 666 4646 778 4710; x_wconf 84' lang='lat' dir='ltr'><strong>Norico</strong></span> <span class='ocrx_word' id='word_1_198' title='bbox 793 4646 962 4726; x_wconf 80' lang='lat' dir='ltr'><strong>recludere,</strong></span> 
     </span>
    </p>
   </div>
   <div class='ocr_carea' id='block_1_4' title="bbox 0 0 1454 6042">
    <p class='ocr_par' dir='ltr' id='par_1_18' title="bbox 0 0 1454 6042">
     <span class='ocr_line' id='line_1_41' title="bbox 0 0 1454 6042; baseline 0 0"><span class='ocrx_word' id='word_1_199' title='bbox 0 0 1454 6042; x_wconf 95' lang='lat' dir='ltr'><strong> </strong></span> 
     </span>
    </p>
   </div>
  </div>
 </body>
</html>
