2900 6042
1023 1281 1107 1346 28

1898 1297 2249 1346 CARMINUM

1626 1577 2088 1722 CARMEN
2146 1620 2492 1685 xxxv.

1361 1963 1417 2029 Ο
1449 1964 1653 2039 ΒΠΑ,
1685 1971 1924 2046 gratum
1954 1986 2109 2049 quae
2140 1965 2302 2047 regis
2331 1963 2611 2044 Antium,

1358 2049 1660 2114 Praesens
1692 2053 1788 2113 vel
1818 2051 1934 2113 imo
1964 2053 2173 2114 tollere
2205 2051 2280 2114 de
2313 2049 2511 2133 gradu

1442 2135 1706 2199 Mortale
1737 2156 1974 2219 corpuS,
2007 2138 2104 2200 vel
2133 2139 2421 2221 superbos

1525 2221 1786 2286 Vertere
1817 2222 2127 2285 funeribus
2157 2223 2511 2306 triumphos,

1354 2308 1443 2372 'Be
1473 2329 1705 2392 pauper
1732 2308 1918 2371 ambit
1946 2309 2196 2373 sollicita
2225 2329 2407 2391 prece

1352 2394 1538 2458 Ruris
1569 2394 1834 2471 colonus,
1865 2401 1925 2456 te
1956 2394 2254 2458 dominam
2284 2392 2563 2478 aequoris

1441 2478 1798 2562 Quicunque
1830 2477 2102 2564 Bithyna
2130 2480 2371 2544 lacessit

1525 2561 1917 2649 Carpathium
1946 2567 2197 2649 pelagus
2228 2566 2453 2630 carina.

1351 2651 1439 2715 Te
1471 2650 1679 2714 Dacus
1710 2661 1908 2734 asper,
1940 2659 2000 2714 te
2032 2652 2271 2735 profugi
2306 2648 2573 2735 Scythae

1350 2736 1675 2818 Urbesque
1729 2744 2062 2818 gentesque
2118 2744 2181 2799 et
2210 2736 2452 2799 Latium
2480 2736 2653 2799 ferox

1430 2821 1792 2904 Regumque
1822 2821 2046 2884 matres
2074 2822 2466 2885 barbarorum
2519 2828 2583 2885 et

1520 2907 1820 2990 Purpurci
1849 2915 2129 2970 metuunt
2157 2908 2422 2991 tyranni,

1345 2991 1646 3077 Injurioso
1676 3014 1752 3056 ne
1785 2993 1939 3076 pede
1970 3015 2219 3076 proruas

1351 3077 1629 3144 Stantem
1659 3080 2017 3157 columnam,
2048 3099 2170 3142 neu
2199 3078 2453 3164 populus
2481 3079 2675 3164 frequ‹

1429 3163 1537 3227 Ad
1567 3185 1735 3228 arma
1765 3159 2093 3244 cessanteS,
2122 3165 2203 3229 ad
2233 3185 2401 3229 arma

1523 3248 1801 3314 Concitet
1831 3250 2264 3334 imperiumque
2295 3251 2558 3334 frangat.

1345 3334 1433 3399 Te
1465 3356 1703 3420 semper
1732 3336 1925 3399 anteit
1945 3357 2132 3401 saeva
2158 3336 2508 3402 Necessitas

1345 3419 1565 3485 Olavos
1594 3422 1857 3485 trabales
1887 3428 1951 3485 et
1979 3443 2201 3487 cuneos
2229 3444 2414 3486 manu

1436 3505 1701 3571 Gestans
1768 3510 1947 3587 aena,
1977 3529 2090 3572 nec
2120 3506 2368 3573 seve‘rus

1515 3593 1728 3660 Uncus
1759 3593 1953 3673 abest,
1983 3594 2395 3678 liquidumque
2425 3595 2674 3680 plumbu·

1339 3681 1428 3745 're
1462 3677 1615 3763 Spes
1645 3685 1709 3742 et
1736 3680 1869 3742 albo
1898 3700 2039 3742 rara
2068 3679 2251 3744 Fides
2282 3681 2425 3744 colit

1339 3766 1566 3832 Velata
1594 3786 1791 3848 panno
1846 3787 1958 3830 nec
1991 3766 2266 3829 comitem
2296 3768 2582 3851 abnegat,

1425 3851 1755 3933 Utcunque
1786 3859 2020 3914 mutata
2047 3859 2324 3934 potentes

1514 3935 1707 4000 Veste
1740 3936 1944 3999 domos
1973 3937 2212 3999 inimica
2241 3938 2481 4020 linquis·

1335 4022 1431 4087 At
1458 4022 1676 4104 volgus
1704 4022 1953 4084 infidum
1984 4029 2047 4084 et
2074 4023 2360 4085 meretrix
2384 4031 2548 4088 retro

1338 4107 1600 4192 Pexjura
1623 4103 1806 4185 ce'dit,
1874 4107 2193 4189 diffugiunt
2224 4109 2388 4173 cadis

1424 4193 1580 4257 Cum
1611 4194 1778 4256 faece
1809 4192 2049 4256 siccatis
2079 4193 2254 4257 amici

1507 4279 1696 4341 Ferre
1717 4280 1935 4362 jugum
1967 4278 2195 4363 pariter
2223 4279 2430 4344 dolosi.

1338 4363 1561 4428 Serves
1590 4365 1815 4427 iturum
1849 4364 2170 4427 Caesarem
2199 4365 2261 4428 in
2291 4367 2527 4430 ultimos
2613 4408 2627 4421 ·

1336 4449 1517 4514 Orbis
1546 4450 1872 4514 Brit-annos
1924 4458 1988 4513 et
2005 4452 2299 4534 juvenum
2328 4473 2543 4517 recens

1416 4537 1688 4600 Examen
1724 4537 1865 4599 Eois
1897 4537 2227 4600 timendum
2443 4596 2458 4611 ,

1502 4623 1787 4685 Partibus
1844 4622 2211 4706 Oceanoque
2242 4624 2444 4686 rubro.

1331 4705 1511 4769 Eheu
1564 4709 1911 4771 cicatricum
1941 4716 2004 4770 et
2033 4709 2277 4772 sceleris
2307 4709 2497 4792 pudet

1328 4792 1751 4878 Fratrumque.
1847 4793 2007 4867 Quid
2038 4816 2144 4857 nos
2176 4794 2328 4857 dura
2356 4794 2607 4877 refugim
