2900 6042
1167 1564 1294 1614 m.
1339 1563 1414 1613 11.
1460 1563 1594 1613 sn.
1638 1563 1731 1613 vt.
2369 1548 2498 1618 17⁸

392 1720 669 1788 Orabant
695 1721 873 1787 hodie
904 1721 1299 1802 meminisses,
1331 1720 1580 1800 Quinte,
1609 1719 1902 1785 reverti.”
1956 1723 1972 1736 ⁹

390 1814 431 1848 “
462 1810 778 1894 Imprimat
806 1809 898 1873 his
930 1830 1078 1872 cura
1106 1808 1437 1874 Maecenas
1470 1809 1645 1893 signa
1674 1805 1980 1872 tabellis.”

390 1895 657 1976 DixeriS,
688 1902 729 1934 “
758 1896 1086 1981 Experiar:
1116 1897 1156 1927 ''
1215 1903 1255 1934 ‘⁶
1279 1895 1344 1960 Si
1377 1896 1487 1975 via,
1518 1894 1757 1981 potes,”
1792 1895 1964 1959 addit
1993 1900 2058 1959 et
2086 1893 2291 1959 instat.

395 1981 701 2069 Septimus
733 1993 946 2047 octavo
976 1984 1218 2068 propior
1236 1985 1366 2068 jam
1399 1983 1628 2066 fugerit
1657 2003 1851 2047 annus
2429 2003 2495 2054 ⁴0

393 2071 489 2135 Ex
520 2090 639 2155 quo
670 2070 1001 2134 Maecenas
1030 2092 1126 2134 me
1160 2071 1357 2154 coepit
1389 2070 1614 2134 habere
1648 2091 1892 2133 suorum

391 2157 468 2222 In
498 2179 749 2220 numero
776 2177 792 2232 ;
841 2157 1160 2221 dumtaxat
1190 2156 1268 2220 ad
1297 2158 1436 2237 hoc,
1469 2178 1649 2241 quem
1681 2158 1893 2220 tollere
1925 2155 2118 2221 rheda

390 2243 603 2309 Vellet
629 2244 750 2307 iter
779 2244 1008 2307 faciens
1038 2252 1102 2308 et
1132 2244 1230 2308 cui
1260 2243 1629 2308 concredere
1660 2265 1855 2327 nugas

393 2330 530 2394 Hoc
562 2352 787 2414 genus:
821 2337 862 2368 ‘⁶
887 2331 1060 2395 Hora
1087 2339 1275 2415 quota
1304 2329 1440 2394 est?
1517 2330 1721 2394 Thrax
1752 2339 1847 2394 est
1869 2329 2112 2395 Gallina
2145 2329 2303 2417 Syro
2332 2331 2493 2418 par?

391 2417 698 2482 Matutina
728 2438 939 2501 parum
972 2428 1181 2481 cautos
1201 2419 1330 2503 jam
1362 2417 1588 2500 frigora
1617 2418 1929 2497 mordent3
1950 2418 1990 2449 ”
2428 2438 2494 2488 45

391 2503 477 2568 Et
504 2525 661 2589 quae
694 2505 912 2569 rimosa
941 2506 1094 2568 bene
1127 2504 1513 2588 deponuntur
1539 2505 1603 2567 in
1632 2526 1799 2569 aure.

389 2589 516 2656 Per
547 2599 737 2654 totum
768 2591 879 2654 hoc
914 2599 1152 2674 tempus
1183 2591 1510 2675 subjectior
1537 2590 1599 2653 in
1631 2591 1794 2654 diem
1827 2598 1891 2654 et
1916 2591 2127 2655 horam
2189 2670 2194 2674 ⁴

391 2677 668 2741 Invidiae
698 2689 928 2741 noster.
1021 2676 1227 2740 Ludos
1258 2685 1644 2761 spectaverat
1672 2698 1816 2756 una,

391 2763 656 2829 Luserat
685 2764 747 2827 in
780 2764 1049 2848 Campo:
1099 2763 1404 2827 Fortunae
1433 2763 1633 2829 filius!
1681 2784 1910 2828 omnes,

390 2851 678 2935 Frigidus
709 2872 747 2914 a
776 2851 1012 2914 Rostris
1041 2858 1249 2914 manat
1278 2871 1389 2935 per
1420 2851 1681 2936 compita
1710 2852 1950 2914 rumor:
2428 2870 2492 2920 ω

392 2937 755 3021 Quicunque
787 2937 996 3000 obvius
1027 2945 1120 3000 est
1148 2960 1246 3000 me
1279 2938 1577 3001 consulit:
1628 2944 1668 2977 “
1691 2936 1746 3002 Ο
1778 2939 1955 3017 bone,
1986 2957 2128 3000 nam
2158 2942 2220 3001 te

395 3023 566 3089 Scire
599 3025 744 3088 deos
775 3025 1054 3110 quoniam
1087 3024 1330 3109 propius
1361 3024 1660 3103 contingis
1690 3033 1965 3110 oportet3

390 3110 706 3196 Numquid
738 3111 814 3175 de
850 3111 1033 3174 Dacis
1064 3111 1284 3175 audisti
1306 3109 1390 3174 ?”
1484 3118 1524 3149 “
1546 3112 1649 3176 Nil
1681 3110 2028 3196 equidem.''
2120 3114 2163 3147 “
2186 3109 2279 3176 Ut
2305 3117 2374 3177 tu

393 3197 650 3283 Semper
681 3199 798 3262 eris
829 3198 1062 3262 derisor
1086 3197 1100 3264 Ξ
1124 3198 1165 3228 ”
1258 3203 1299 3235 “
1323 3198 1415 3262 At
1443 3220 1650 3263 omnes
1681 3199 1744 3263 di
1774 3199 2087 3281 exagitent
2114 3218 2212 3262 me

393 3283 460 3350 Si
490 3285 884 3370 quidquam.'’
977 3292 1018 3323 ‘⁶
1043 3284 1226 3364 Quid,
1258 3285 1546 3349 militibus
1577 3288 1869 3370 promissa
1898 3287 2226 3372 Triquetra.
2426 3301 2491 3352 55

389 3372 651 3437 Praedia
685 3374 913 3438 Caesar
937 3394 1015 3436 an
1047 3382 1140 3436 est
1172 3372 1333 3436 Itala
1363 3374 1580 3437 tellure
1614 3373 1866 3437 daturus
1893 3372 1920 3437 ἲ
1943 3373 1983 3403 ”

385 3458 710 3525 Jurantem
741 3482 836 3524 me
869 3460 1022 3523 scire
1054 3460 1199 3523 nihil
1230 3460 1529 3524 mirantur
1558 3469 1627 3524 ut
1657 3483 1844 3524 unum

390 3545 638 3612 Scilicet
668 3547 899 3632 egregii
928 3548 1240 3610 mortalem
1270 3548 1497 3632 altique
1529 3547 1748 3611 silenti.

387 3633 680 3698 Perditur
709 3636 859 3698 hacc
892 3634 1051 3697 inter
1081 3635 1298 3697 misero
1328 3635 1433 3697 lux
1464 3657 1583 3698 non
1613 3635 1742 3697 sine
1774 3635 1965 3699 votis:

388 3719 446 3785 Ο
478 3742 604 3799 rus,
635 3721 883 3806 quando
915 3743 1028 3803 ego
1063 3729 1120 3784 te
1154 3721 1481 3804 adspiciam
1510 3719 1536 3784 ‘3
1583 3721 1946 3806 quandoque
1975 3720 2181 3785 licebit
2422 3737 2491 3791 ω

387 3807 572 3873 Nunc
605 3818 878 3872 veterum
909 3808 1098 3885 libris,
1130 3828 1290 3869 nunc
1322 3829 1527 3870 somno
1559 3817 1623 3870 et
1652 3808 1946 3872 inertibus
1981 3808 2143 3872 horis

387 3893 632 3960 Ducere
664 3894 954 3958 sollicitae
978 3893 1253 3976 jucunda
1285 3893 1503 3956 oblivia
1534 3893 1739 3957 vitae?

388 3980 444 4046 O
476 3981 720 4067 quando
750 3979 892 4044 faba
922 3979 1309 4063 Pythagorae
1342 3988 1604 4063 cognata
1632 3981 1932 4065 simulque

386 4068 597 4134 Uncta
624 4067 771 4132 satis
803 4067 1010 4151 pingui
1045 4073 1345 4150 ponentur
1373 4067 1646 4131 oluscula
1673 4066 1893 4131 lardo?

378 4152 444 4220 Ὀ
475 4163 685 4219 noctes
716 4175 1061 4238 coenaequc
1094 4152 1312 4219 deum!
1361 4154 1582 4238 quibus
1611 4155 1738 4239 ipse
1768 4155 2007 4240 meique
2421 4171 2489 4224 65

383 4243 554 4306 Ante
586 4241 806 4306 Larem
838 4241 1144 4324 proprium
1176 4262 1386 4305 vescor
1419 4262 1756 4326 vernasque
1789 4259 2076 4325 procaces

385 4329 579 4393 Pasco
610 4329 810 4392 libatis
840 4327 1116 4412 dapibus.
1213 4327 1406 4392 Prout
1437 4329 1656 4412 cuique
1690 4328 1871 4393 libido
1902 4335 1998 4393 est

388 4415 594 4480 Siccat
624 4416 974 4500 inaequales
1004 4416 1223 4479 calices
1255 4415 1531 4492 conviva,
1562 4415 1793 4479 solutus

384 4501 649 4587 Legibus
679 4503 925 4577 insania,
957 4524 1066 4565 seu
1096 4503 1230 4586 quis
1261 4502 1424 4586 capit
1455 4503 1620 4566 acria
1648 4502 1821 4566 fortis

385 4588 616 4653 Pocula
646 4611 755 4653 scu
786 4589 1036 4652 modicis
1069 4589 1304 4651 uvescit
1334 4589 1569 4652 laetius·
1659 4589 1827 4672 Ergo
2421 4608 2487 4660 70

391 4675 601 4740 Sermo
631 4676 847 4754 oritur,
877 4698 995 4738 non
1029 4674 1104 4737 de
1139 4675 1293 4738 villis
1323 4675 1672 4739 domibusve
1704 4675 1937 4754 alienis,

384 4762 523 4827 Nec
555 4763 711 4826 male
743 4783 935 4827 necne
968 4761 1168 4845 Lepos
1198 4762 1420 4838 saltet3
1466 4761 1575 4824 sed
1607 4761 1768 4845 quod
1798 4762 1993 4844 magis
2022 4760 2101 4825 ad
2130 4780 2242 4828 nos

385 4849 666 4914 Pertinet
690 4859 753 4912 et
782 4849 1016 4912 nescire
1049 4848 1272 4911 malum
1297 4855 1391 4912 est
1421 4849 1759 4931 agitamus:
1805 4857 2087 4912 utrumne

382 4935 629 5001 Divitiis
658 4936 927 5000 homines
957 4956 1035 4998 an
1066 4935 1187 4998 sint
1217 4935 1442 4998 virtute
1481 4934 1644 4998 bea-ti
1670 4955 1687 5011 ;

384 5020 624 5097 Quidve
655 5022 734 5087 ad
767 5022 1084 5101 amicitias,
1115 5042 1260 5086 usus
1290 5029 1631 5101 rectumne,
1663 5021 1866 5084 trahat
1894 5041 2002 5084 nos
2030 5040 2048 5098 ;
2418 5037 2487 5090 75

384 5108 471 5176 Et
498 5130 656 5197 quae
685 5109 765 5176 sit
792 5115 1013 5174 natura
1041 5108 1193 5259 blogii·
1209 5129 1630 5194 summumque
1660 5108 1807 5194 quid
1839 5108 1989 5196 ejus.
