2900 6042
193 1297 258 1361 reo
464 1314 467 1319 ¹
644 1310 831 1361 sinnam
912 1264 921 1279 ’

196 1466 230 1532 Si
244 1466 405 1531 interdicta
419 1470 515 1551 petes,
531 1465 609 1528 vallo
624 1464 811 1529 circumdata
821 1462 916 1546 (nam
931 1468 963 1528 te

194 1553 263 1617 Hoc
279 1553 352 1617 facit
365 1553 537 1632 insanum),
552 1551 666 1615 multae
680 1551 736 1613 tibi
751 1561 815 1615 tum
829 1553 961 1617 officient
975 1570 1037 1632 res,

196 1638 355 1717 Custodes,
370 1638 489 1716 lectica,
505 1637 668 1715 ciniflones,
687 1637 849 1720 parasitae,

195 1723 248 1787 Ad
263 1725 339 1787 talos
354 1724 430 1787 stola
445 1722 574 1786 demissa
589 1730 621 1784 et
635 1723 822 1785 circumdata
835 1722 926 1806 palla,

195 1809 331 1873 Plurima
358 1829 434 1892 quae
450 1807 605 1871 invideant
620 1829 694 1890 pure
711 1828 858 1891 apparere
874 1808 929 1873 tibi
942 1829 1018 1874 rem.
1194 1830 1242 1881 ιω

194 1895 305 1958 Altera
318 1895 360 1956 nil
374 1895 493 1957 obstat:
518 1892 588 1956 Cois
603 1893 658 1955 tibi
672 1912 769 1976 paene
784 1892 889 1957 videre
904 1900 953 1957 est

195 1978 241 2043 Ut
255 1980 378 2056 nudam,
393 1999 432 2040 ne
448 1999 535 2042 crure
551 1978 639 2056 malo,
654 1999 692 2040 ne
708 1979 748 2041 sit
762 1978 839 2061 pede
855 1978 937 2065 turpi
946 1998 957 2057 ;

195 2064 299 2127 Met-iri
315 2064 407 2147 possis
424 2064 510 2126 oculo
524 2064 613 2125 latus.
658 2063 711 2125 An
725 2063 780 2125 tibi
795 2063 889 2128 mavis

195 2149 324 2212 Insidias
337 2149 403 2211 fieri
418 2149 606 2231 pretiumque
622 2147 745 2211 avellier
760 2155 830 2212 ante

195 2232 293 2307 Quam
309 2254 440 2296 mercem
454 2231 595 2297 ostendi?
639 2238 660 2269 ‘⁶
672 2232 820 2316 Leporem
835 2239 960 2297 venator
973 2239 1010 2299 ut
1022 2234 1086 2300 alh
1191 2256 1239 2307 ιω

195 2319 233 2382 In
248 2320 317 2381 nive
331 2326 476 2397 sectetur,
491 2318 620 2401 positum
634 2317 677 2381 sic
692 2326 819 2401 tangere
834 2318 940 2398 nolit,'’

196 2403 308 2468 Cantat
333 2412 366 2467 et
380 2404 519 2487 apponit:
530 2408 550 2440 “
562 2402 653 2466 Meus
668 2410 715 2467 est
730 2418 814 2467 amor
827 2403 898 2467 huie
913 2403 1034 2483 similis;
1055 2425 1127 2472 mm

195 2489 373 2553 Transvolat
386 2490 417 2552 in
430 2488 529 2552 medio
543 2489 640 2572 posita
654 2495 686 2551 et
701 2488 849 2572 fiagientia
861 2489 999 2573 captat.”

195 2574 321 2639 Hiscine
337 2575 492 2638 versiculis
506 2595 610 2657 speras
625 2574 679 2637 tibi
695 2576 781 2658 poss'e
797 2574 914 2638 dolores

193 2659 298 2743 Atque
314 2667 415 2724 aestus
431 2680 578 2742 curasque
594 2680 703 2742 graves
718 2680 735 2722 e
751 2666 873 2743 pectore
888 2657 982 2743 pelli?
1190 2678 1239 2734 110

193 2743 226 2807 N
227 2766 303 2809 onne
330 2745 518 2829 cupidinibus
533 2751 647 2808 statuat
661 2753 771 2808 natura
784 2745 905 2808 modum
920 2764 1022 2828 quem,

195 2827 275 2903 Quid
289 2831 389 2893 latura
403 2831 458 2893 sibi
473 2829 546 2913 quid
560 2831 600 2893 sit
614 2829 744 2893 dolitura
757 2837 912 2913 negatum,

195 2912 348 2988 Quaerere
364 2917 431 2998 plus
446 2915 568 2998 prodest
583 2923 614 2978 et
624 2915 714 2978 inane
729 2915 904 2979 abscindere
916 2911 1021 2979 soldoi

194 2999 278 3062 Num
304 3001 357 3063 tibi
373 3021 442 3063 eum
456 3001 559 3064 fauces
573 3001 635 3063 urit
649 3002 713 3063 sitis
739 3021 832 3065 aurea
845 3000 966 3084 quaeris
1114 3059 1118 3067 .

193 3083 332 3148 Pocula?
347 3107 419 3148 num
434 3086 568 3148 esuriens
582 3085 699 3148 fastidis
714 3086 813 3148 omnia
827 3094 947 3184 praeter
1188 3108 1238 3159 115

193 3170 346 3234 Pavonem
361 3169 598 3252 rhombumque?
643 3169 773 3232 Tument
789 3170 840 3233 libr
855 3191 924 3235 cum
938 3169 1074 3254 inguina,
1087 3190 1161 3236 num
1186 3172 1215 3239 si

192 3255 314 3318 Ancilla
329 3264 382 3319 aut
397 3275 490 3318 verna
505 3263 552 3317 est
566 3262 685 3338 praesto
699 3276 776 3337 puer
797 3255 926 3339 impetus
939 3255 972 3318 in
986 3275 1078 3338 quem

194 3338 280 3403 Oon‘
325 3341 411 3404 ofiat
436 3339 522 3402 malis
536 3340 682 3421 tentigine
698 3338 819 3423 rumpi?

192 3423 225 3487 N
226 3446 264 3488 on
318 3444 353 3488 o:
377 3446 506 3508 namque
521 3425 685 3509 parabilem
700 3444 766 3489 amo
781 3444 923 3489 venerem
936 3423 1126 3508 facilemque.

191 3510 292 3589 Illam,
308 3514 329 3546 ‘⁶
344 3510 418 3573 Post
432 3510 556 3593 paulo,''
580 3508 677 3573 “Sed
692 3510 820 3592 pluris‚”
844 3509 913 3575 “Si
927 3511 1034 3577 exierit
1049 3512 1129 3595 vir,”
1188 3530 1236 3584 m

193 3594 299 3674 Gallis,
314 3595 392 3659 hanc
407 3595 600 3659 Philodemus
615 3595 658 3659 ait
671 3595 728 3659 sibi
754 3616 832 3678 quae
846 3615 945 3679 neque
959 3614 1070 3680 magno

193 3678 261 3743 Stet
275 3681 371 3764 pretio
386 3701 484 3764 neque
499 3686 659 3744 cunctetur
685 3700 753 3743 cum
768 3687 816 3744 est
823 3681 911 3765 jussa
924 3680 1039 3744 venire.

192 3763 330 3828 Candida
343 3772 487 3848 rectaque
503 3766 562 3842 sit;
584 3765 696 3828 munda
711 3765 859 3829 haetenus
883 3771 919 3829 ut
932 3784 1032 3851 neque
1046 3764 1137 3849 longa

191 3848 259 3913 Nee
274 3851 370 3932 magis
386 3850 454 3912 alba
468 3851 541 3912 velit
567 3871 656 3932 quam
672 3850 726 3913 dat
740 3857 850 3914 natura
874 3850 981 3914 videri.

191 3932 280 3997 Haec
306 3935 358 3996 ubi
372 3935 527 4018 supposuit
541 3933 646 3997 dextro
661 3956 768 4018 corpus
783 3936 854 3997 mihi
868 3937 989 3999 laevum
1185 3956 1236 4009 m

190 4017 249 4082 Ilia
263 4025 295 4082 et
311 4019 424 4103 Egeria
438 4026 503 4082 est:
527 4018 565 4081 do
579 4040 686 4082 nomen
702 4019 857 4102 quodlibet
870 4020 924 4099 illi,

190 4103 222 4166 N
224 4125 258 4167 cc
274 4125 380 4167 vereor
406 4125 444 4166 ne
472 4104 542 4165 dum
557 4104 642 4167 fuluo
670 4105 716 4168 vir
731 4126 801 4168 rure
816 4112 965 4183 recurrat,

189 4188 212 4252 J
213 4209 292 4251 anua
307 4190 474 4271 frangatur,
489 4189 582 4251 latret
596 4189 688 4268 canis,
704 4189 838 4272 undique
853 4211 963 4272 magno

190 4273 284 4337 Pulsa
297 4274 402 4338 domus
416 4274 544 4357 strepitu
559 4284 689 4353 resonet,
705 4275 854 4358 vepallida
868 4276 948 4340 lecto

189 4356 318 4424 Desiliat
332 4360 449 4438 mulier,
465 4360 603 4423 miseram
618 4381 650 4423 se
663 4362 782 4423 conseia
797 4361 918 4440 elamet,
1188 4382 1236 4437 m

189 4442 335 4508 Cruribus
350 4446 424 4508 haee
440 4452 566 4523 metuat,
582 4445 643 4508 doti
659 4446 818 4528 deprensa,
834 4451 954 4529 egomet
967 4445 1021 4510 mi.

188 4528 345 4592 Discinota
360 4531 461 4593 tunica
475 4530 652 4612 fugiendum
667 4539 713 4593 cst
728 4552 763 4594 ac
780 4531 856 4615 pede
871 4531 964 4608 nudo,

188 4613 239 4676 Ne
255 4616 367 4676 nummi
382 4624 508 4697 pereant
523 4623 575 4677 aut
590 4637 672 4698 puga
686 4627 739 4678 aut
754 4616 884 4701 denique
902 4617 993 4680 fama.

188 4697 344 4784 Deprendi
359 4700 501 4763 ramerum
515 4709 581 4777 est;
603 4700 696 4764 Fabio
712 4704 760 4765 vel
770 4703 874 4787 judice
891 4704 1019 4767 vineam·
