2900 6042
461 1453 586 1517 214
1279 1466 1722 1514 mus-romaum

456 1624 759 1687 Tellurem
790 1643 992 1707 poi-cc,
1027 1621 1336 1686 Silvanum
1364 1623 1524 1685 lacte
1556 1620 1822 1705 piabant,

455 1709 727 1773 Floribus
759 1718 821 1771 et
854 1710 985 1772 vino
1019 1709 1279 1773 Genium
1308 1729 1630 1771 memorem
1658 1706 1857 1769 brevis
1886 1704 2044 1770 aevi.
2079 1728 2083 1733 ’

459 1796 830 1860 Fescennina
861 1817 970 1879 per
997 1797 1157 1859 hunc
1187 1796 1431 1858 inventa
1461 1793 1705 1856 licentia.
1731 1814 1957 1856 morem

455 1881 750 1945 Versibus
779 1881 1025 1945 alternis
1055 1881 1371 1966 opprobria
1400 1880 1627 1942 rustica
1654 1878 1834 1956 fudit,

455 1967 849 2051 Libertasquc
883 1974 1261 2031 recurrentes
1292 1973 1546 2050 accepta
1574 1985 1683 2048 per
1711 1985 1900 2028 annos

455 2054 628 2116 Lusit
659 2054 1013 2131 amabiliter,
1044 2053 1234 2116 donec
1255 2054 1384 2136 jam
1414 2072 1631 2115 saevus
1660 2058 1931 2135 apertam

455 2140 529 2202 In
562 2140 787 2202 rabiem
818 2140 1017 2222 coepit
1046 2139 1198 2202 verti
1228 2141 1403 2223 jocus
1434 2146 1499 2201 et
1527 2158 1636 2220 per
1664 2137 1943 2202 honestas

458 2225 555 2288 [re
591 2225 795 2287 domos
823 2226 1064 2307 impune
1095 2225 1314 2287 minax.
1405 2221 1670 2286 Doluere
1701 2231 1950 2287 cruento

454 2310 654 2377 Dente
684 2310 971 2386 lacessiti3
999 2311 1114 2373 fuit
1143 2310 1385 2374 intactis
1414 2329 1653 2393 quoque
1685 2330 1832 2372 cura

459 2393 820 2460 Condicione
854 2417 1037 2480 super
1065 2395 1392 2477 communi;
1414 2395 1561 2478 quin
1590 2394 1770 2458 etiam
1799 2395 1899 2459 lex

457 2483 782 2564 Poenaque
812 2482 937 2545 lata
989 2483 1142 2546 malo
1174 2503 1328 2566 quae
1358 2482 1543 2544 nollet
1573 2481 1835 2544 carmine
1866 2501 2230 2567 quemquam

453 2568 728 2633 Describi
755 2587 772 2645 ;
818 2575 1054 2632 vertere
1084 2568 1346 2647 modum,
1375 2567 1690 2630 formidine
1719 2566 1895 2630 fustis

454 2655 560 2718 Ad
591 2655 745 2717 bene
777 2654 1096 2718 dicendum
1120 2652 1663 2735 delectandumque
1694 2652 1945 2716 redacti.

457 2740 719 2806 Graecia
748 2748 928 2824 capta
956 2741 1149 2803 ferum
1180 2740 1465 2803 victorem
1498 2739 1660 2822 cepit
1712 2746 1775 2802 et
1804 2746 1966 2802 artes

455 2826 671 2889 Intulit
702 2827 925 2909 agresti
956 2826 1164 2888 Latio:
1210 2826 1295 2889 sic
1326 2825 1602 2888 horridus
1632 2824 1731 2888 ille

454 2911 724 2976 Defluxit
755 2934 1040 2975 numerus
1075 2910 1390 2975 Saturnius
1444 2919 1508 2974 et
1537 2932 1722 2993 grave
1753 2910 1917 2975 virus

454 2997 795 3061 Munditiae
830 2999 1111 3081 pepulere
1141 3018 1157 3073 ;
1203 2998 1310 3061 sed
1340 2998 1402 3060 in
1431 2998 1674 3079 longum
1706 3005 1906 3060 tamen
1935 3017 2151 3062 aevum

453 3083 811 3147 Manserunt
842 3084 1133 3167 hodieque
1165 3093 1409 3147 manent
1437 3084 1692 3165 vestigia
1720 3082 1894 3146 ruris,

456 3168 642 3233 Serus
673 3170 832 3232 enim
861 3169 1115 3233 Graecis
1145 3170 1408 3233 admovit
1436 3171 1714 3233 acumina
1743 3168 1990 3249 chartiS,

454 3255 537 3318 Et
569 3264 702 3338 post
733 3255 962 3319 Punica
991 3256 1149 3318 bella
1177 3256 1415 3340 quietus
1443 3277 1736 3340 quaerere
1766 3255 1965 3338 coepit

453 3340 612 3414 Quid
647 3339 970 3426 Sophocles
1001 3351 1063 3405 et
1093 3342 1345 3425 Thespis
1375 3350 1439 3406 et
1469 3342 1811 3426 Aeschylus
1840 3341 1986 3404 utile
2019 3339 2269 3405 ferrent.

451 3426 732 3491 Tentavit
761 3449 998 3512 quoque
1028 3451 1173 3506 rem,
1185 3429 1232 3490 si
1263 3428 1442 3509 digne
1475 3437 1709 3491 vertere
1741 3433 1963 3511 posset,

450 3511 536 3577 Et
565 3515 796 3597 placuit
823 3515 955 3593 sibi,
986 3525 1204 3578 natura
1231 3514 1496 3577 sublimis
1526 3522 1588 3576 et
1616 3534 1793 3576 acer:

452 3597 615 3663 Nam
645 3601 835 3685 spirat
863 3601 1157 3683 tragicum
1185 3600 1330 3664 satis
1360 3608 1424 3663 et
1453 3600 1709 3662 feliciter
1738 3599 1943 3681 audet,

455 3683 579 3748 Sed
611 3694 847 3770 turpem
876 3695 1050 3770 putat
1078 3686 1290 3748 inscite
1320 3686 1651 3768 metuitque
1683 3686 1945 3750 lituram.

450 3767 741 3835 Creditur
770 3792 846 3835 ex
877 3772 1074 3836 medio
1103 3771 1249 3856 quia
1277 3793 1376 3835 res
1407 3770 1662 3836 arcessit
1690 3770 1916 3836 habere

452 3853 698 3920 Sudoris
727 3858 1052 3935 minimum,
1084 3858 1190 3921 sed
1221 3857 1405 3920 habet
1435 3855 1739 3920 comoedia
1767 3863 1936 3921 tanto

449 3940 597 4006 Plus
626 3943 822 4015 oneris
874 3955 1098 4026 quanto
1129 3943 1337 4007 veniae
1367 3943 1583 4006 minus.
1671 3940 1965 4025 Adspice,
1994 3940 2249 4008 Plautus

450 4026 582 4100 Quo
613 4038 790 4111 pacto
823 4037 1022 4111 partes
1054 4036 1285 4091 tutetur
1314 4028 1566 4092 amantis
1608 4027 1845 4110 ephebi,

450 4112 540 4176 Ut
570 4113 754 4196 patris
783 4115 1019 4192 attenti,
1051 4115 1277 4177 lenonis
1307 4122 1376 4176 ut
1405 4113 1707 4189 insidiosi3

449 4198 722 4271 Quantus
753 4200 831 4262 sit
862 4200 1206 4263 Dossennus
1237 4200 1520 4263 edacibus
1551 4199 1611 4262 in
1641 4197 1940 4282 parasitiS,

447 4283 642 4357 Quam
672 4307 790 4348 non
821 4285 1108 4351 adstricto
1139 4294 1451 4369 percurrat
1481 4286 1711 4370 pulpita
1739 4306 1913 4349 socco
1939 4305 1957 4362 ;

446 4368 646 4432 Gestit
676 4371 831 4433 enim
862 4393 1166 4436 nummum
1196 4372 1258 4434 in
1288 4372 1511 4434 loculos
1545 4372 1884 4452 demittere,
1915 4377 2049 4455 post
2074 4369 2189 4436 hoc

448 4454 713 4518 Securus
768 4457 947 4520 cadat
980 4479 1058 4519 an
1090 4464 1254 4520 recto
1284 4464 1405 4520 stet
1435 4457 1638 4520 fabula
1666 4458 1807 4520 talc.

446 4539 637 4612 Quem
672 4542 807 4604 tulit
837 4543 913 4605 ad
945 4563 1184 4606 scenam
1216 4551 1461 4606 ventoso
1492 4542 1699 4606 Gloria
1728 4564 1911 4606 curru

445 4625 764 4690 Exanimat
794 4629 990 4691 lentus
1021 4636 1344 4712 spectator,
1374 4628 1619 4692 sedulus
1649 4629 1851 4692 inflat:

445 4710 545 4773 Sic
578 4714 733 4790 leve,
764 4715 849 4776 sic
882 4735 1129 4797 parvum
1160 4724 1274 4792 est,
1307 4716 1567 4778 animum
1598 4715 1757 4798 quod
1787 4714 1979 4778 laudis
2020 4734 2267 4779 avarum

446 4796 697 4861 Subruit
725 4809 831 4862 aut
860 4801 1072 4863 reficit.
1164 4800 1386 4864 Valeat
1415 4823 1512 4864 res
1542 4801 1774 4864 ludicra
1826 4801 1875 4864 si
1906 4821 2001 4864 me

441 4882 653 4947 Palma
683 4894 907 4967 negata
934 4907 1224 4964 macrum,
1255 4887 1476 4950 donata
1505 4887 1741 4950 reducit
1769 4887 2050 4970 opimum.

443 4967 640 5054 Saepe
671 4971 850 5033 etiam
881 4972 1173 5034 audacem
1204 4972 1379 5056 fugat
1406 4975 1519 5036 hoc
1553 4980 1857 5057 terretque
1888 4977 2152 5058 poetam,

2452 1815 2548 1868 1⁴5

2452 2244 2544 2294 150

2445 2678 2540 2728 155

2439 3105 2534 3158 160

2437 3963 2532 4015 lm

2434 4390 2529 4440 175

2433 4820 2526 4872 180
