2900 6042
575 723 748 768 CARMINUM

312 877 398 942 Voeo
415 878 547 940 formasti
566 886 649 940 caius
667 885 697 938 ei
712 877 839 938 decorae

314 1033 317 1038 ¹
485 964 571 1026 More
589 966 767 1046 palaest-rae,

314 1050 358 1113 Te
375 1070 481 1112 eanum
506 1051 607 1132 magui
623 1051 644 1113 J
646 1050 708 1112 ovis
724 1058 755 1111 et
771 1048 894 1110 deorum

312 1136 463 1200 Nuntium
490 1157 661 1218 curvaeque
677 1137 761 1219 lyrae
778 1142 945 1218 parentem,

316 1221 466 1287 callidum
493 1222 639 1305 quidquid
654 1221 768 1305 placuit
788 1221 892 1305 jocoso

488 1308 625 1372 Condere
640 1308 731 1370 furto.

316 1394 360 1457 Te
385 1394 478 1458 boves
493 1395 562 1458 olim
576 1394 634 1457 uisi
646 1392 828 1456 reddidisses

314 1479 377 1544 Per
390 1480 491 1544 dolum
506 1488 620 1544 amotas
646 1500 774 1563 puerum
788 1477 898 1541 minaei

314 1565 401 1632 Voce
416 1566 487 1629 dum
503 1572 609 1644 terret,
624 1564 733 1628 viduus
748 1565 891 1647 pharetra

444 1656 445 1659 ’
486 1651 567 1714 Risit
582 1651 703 1734 Apollo.

316 1734 397 1810 Quin
412 1742 444 1799 et
457 1736 584 1800 Atridas
611 1736 687 1799 duee
702 1741 734 1799 ie
760 1734 905 1819 superbos

315 1820 374 1886 Ilio
387 1821 472 1886 dives
486 1821 625 1887 Priamus
640 1822 745 1886 relicto

202 1913 204 1916 ⁴
315 1906 532 1993 Thessalosque
546 1909 633 1993 ignes
648 1916 680 1971 et
693 1909 798 1992 iniqua
810 1906 919 1991 Trojae

488 1994 598 2059 Castra
612 1995 729 2058 fefellit.

313 2078 362 2141 Tu
375 2079 440 2161 pies
453 2080 540 2143 laetis
555 2081 668 2143 animae
683 2079 803 2162 reponis

315 2161 444 2227 Sedibus
470 2165 615 2248 virgaque
630 2165 729 2227 levem
743 2163 865 2226 oodrees

313 2247 422 2313 Aurea
436 2249 566 2328 turbam,
581 2251 697 2332 superis
712 2249 836 2312 deorum

488 2333 602 2399 Gratus
617 2342 649 2398 et
662 2335 740 2398 imis.

498 2760 728 2828 GARMEN
756 2764 835 2829 XI.

206 3104 307 3171 Tune

341 3105 497 3188 uaesieris,
511 3108 589 3174 seire
604 3110 701 3187 nefus,
716 3131 807 3194 quem
821 3107 904 3189 mihi,
919 3129 1011 3192 quem
1024 3106 1079 3172 tibi

205 3127 358 3256 Finemdi
372 3193 522 3272 dederint,
537 3193 710 3274 Leuconoe,
742 3217 799 3259 uec
816 3194 998 3276 Babylonios

208 3275 512 3359 Teutarispumeros.
557 3280 603 3344 Ut
615 3282 722 3343 melius
749 3280 897 3363 quidquid
912 3280 971 3343 erit
995 3277 1070 3362 pati,

210 3358 274 3426 Seu
288 3363 390 3446 plures
403 3364 517 3426 hiemes
543 3383 598 3426 seu
613 3365 718 3427 tribuit
731 3364 753 3428 J
755 3364 876 3448 uppiter
890 3364 1039 3445 ultimum,

207 3445 293 3522 Quae
308 3467 421 3512 nunoo
442 3446 544 3531 positis
559 3448 695 3511 debilitat
709 3448 875 3531 pumicibus
889 3468 972 3511 mare
1168 3466 1187 3518 a

208 3531 410 3619 Tyrrhenum.
422 3469 540 3619 §apios
550 3533 620 3598 vine
634 3534 742 3617 liques,
757 3540 789 3596 et
803 3533 899 3616 spatio
913 3533 998 3596 brevi

208 3616 301 3704 Spem
314 3619 433 3702 longam
445 3638 575 3682 reseces.
618 3618 700 3682 Dum
714 3619 864 3702 loquimur
889 3619 1001 3701 fugerit
1014 3616 1117 3682 invida

207 3702 323 3772 Aetas:
372 3724 462 3790 carpe
477 3702 557 3768 diem
583 3725 674 3791 quam
687 3704 842 3768 minimum
856 3705 981 3768 credula
994 3711 1134 3792 postero„
