2900 6042
652 1323 875 1373 msrotaaun

476 1600 478 1604 Ι
528 1652 818 1719 EPISTOLA
875 1653 993 1721 XIV.

238 1823 379 1891 vrrrrcr
393 1826 534 1891 silvarum
551 1827 668 1890 etmihi
683 1848 732 1891 me
747 1826 902 1890 reddentis
917 1830 1018 1912 agelli,

238 1912 337 1988 Quem
351 1921 385 1976 tu
400 1913 517 1977 fastidis
543 1913 709 1985 habitatum
724 1913 856 1997 quinque
872 1913 946 1978 focis
960 1924 992 1980 et

239 1997 378 2082 Quinque
394 2000 485 2062 bonos
499 1999 617 2062 solitum
634 1998 759 2061 Variam
775 1998 925 2062 dimittere
941 2009 1054 2084 patres,

238 2084 397 2148 Certemus
424 2085 523 2169 spinas
537 2085 673 2148 animone
689 2106 747 2167 ego
761 2084 867 2148 fortius
881 2106 920 2148 an
936 2093 970 2150 tu

237 2169 359 2234 Evellas
374 2192 458 2254 agro,
474 2178 506 2235 et
520 2171 624 2234 melior
638 2171 677 2233 sit
691 2171 837 2234 Horatius
852 2191 891 2234 an
906 2193 966 2236 res.

237 2256 290 2320 Me
306 2258 441 2341 quamvis
459 2257 581 2320 Lamiae
596 2257 692 2340 pietas
707 2266 740 2320 et
755 2279 829 2321 cura
842 2267 978 2322 moratur

237 2341 376 2406 Fratrem
390 2343 563 2422 maerentis,
579 2350 664 2427 rapto
679 2342 717 2407 de
734 2344 830 2407 fratre
845 2343 972 2410 dolentis

237 2428 448 2509 Insolabiliter,
463 2438 565 2492 tamen
580 2429 657 2492 istuc
672 2452 758 2493 mens
772 2431 948 2514 animusque

236 2514 312 2579 Fert
326 2521 358 2579 et
371 2522 453 2579 amat
466 2516 570 2600 spatiis
585 2516 735 2579 obstantia
749 2536 886 2600 rumpere
902 2517 1044 2581 claustra.

237 2600 321 2665 Rure
337 2622 394 2686 ego
410 2603 572 2680 viventem,
587 2610 621 2664 tu
636 2602 710 2665 dicis
724 2603 755 2664 in
770 2602 843 2664 urbe
858 2601 999 2667 beatum:

237 2686 294 2752 Cui
310 2688 409 2772 placet
424 2688 547 2752 alterius
573 2709 628 2751 sua
642 2688 781 2750 nimirum
797 2695 843 2751 est
858 2687 925 2751 odio
939 2709 1013 2753 sors.

238 2772 356 2837 Stultus
371 2781 497 2859 uterque
513 2775 611 2838 locum
624 2774 803 2837 immeritum
818 2782 961 2838 causatur
974 2775 1098 2860 iniqua:

236 2858 274 2923 In
290 2861 379 2943 culpa
394 2870 440 2924 est
456 2861 583 2938 animus,
599 2860 650 2944 qui
666 2881 698 2923 se
716 2881 775 2922 non
790 2859 896 2942 effugit
911 2882 1052 2945 unquam.

236 2945 283 3009 Tu
299 2946 493 3010 mediastinus
509 2947 602 3010 tacita
616 2967 705 3031 prece
722 2968 793 3009 rura
808 2946 943 3029 petebas,

237 3029 328 3095 Nunc
344 3033 448 3096 urbem
466 3042 497 3096 et
512 3032 598 3096 ludos
614 3040 645 3096 et
660 3033 768 3096 balnea
783 3033 898 3095 villicus
912 3039 1018 3115 optas3

237 3116 290 3181 Me
306 3127 442 3182 constare
458 3120 529 3182 mihi
543 3119 614 3199 scis,
629 3129 661 3183 et
675 3118 830 3183 discedere
851 3118 968 3181 tristem

238 3203 484 3288 Quandocunque
501 3207 625 3268 trahunt
639 3205 734 3269 invisa
748 3203 869 3286 negotia
883 3204 1020 3268 Romam.

237 3288 308 3353 Non
323 3291 429 3354 eadem
445 3293 607 3368 miramur;
630 3312 665 3354 eo
680 3290 866 3353 disconvenit
881 3290 960 3353 inter

237 3375 352 3460 Meque
367 3384 400 3440 et
414 3385 463 3441 tc:
487 3400 557 3441 nam
585 3398 662 3461 quae
679 3376 801 3440 deserta
816 3383 848 3439 et
862 3376 1010 3460 inhospita
1024 3382 1110 3442 tesca

238 3463 345 3526 Credis
372 3484 498 3527 amoena
512 3472 599 3528 vocat
613 3483 730 3526 mecum
745 3462 797 3546 qui
812 3463 914 3542 sentit,
930 3471 962 3527 et
976 3463 1040 3526 odit

237 3547 322 3622 Quae
338 3556 372 3612 tu
388 3551 514 3633 pulchra
527 3557 625 3634 putas.
670 3548 783 3613 Fomix
799 3548 851 3611 tibi
866 3557 898 3612 et
912 3556 1005 3613 uncta
1018 3548 1129 3635 popina

237 3634 395 3699 Incutiunt
409 3636 492 3698 urbis
507 3635 698 3714 desiderium,
714 3634 813 3713 video,
830 3642 862 3697 et
876 3634 957 3718 quod

237 3721 379 3805 Angulus
394 3722 450 3785 iste
466 3722 545 3785 ieret
559 3722 645 3805 piper
660 3728 691 3783 et
706 3721 776 3783 thus
791 3720 873 3787 ocius
888 3741 959 3799 uva,

238 3806 306 3871 Nec
322 3808 420 3871 vicina
434 3808 538 3872 subest
553 3808 653 3870 vinum
668 3806 813 3891 praebere
835 3806 961 3870 taberna

238 3893 324 3966 Quae
340 3894 433 3978 possit
447 3893 512 3971 tibi,
527 3914 583 3957 nec
599 3891 741 3956 meretrix
756 3892 889 3972 tibicina,
904 3894 991 3978 cujus

237 3979 292 4044 Ad
306 3980 463 4063 strepitum
477 3980 567 4043 salias
582 3986 680 4042 terrae
696 3979 814 4061 gravis:
839 3986 871 4041 et
886 3987 987 4042 tamen
1002 3999 1094 4064 urges

237 4065 426 4148 «Iampridem
440 4062 500 4129 no'n
516 4072 598 4129 tacta
612 4065 759 4147 ligonibus
774 4085 847 4128 arva
873 4065 1040 4150 bovemque

238 4151 430 4235 Disjunctum
446 4172 534 4215 curas
549 4159 581 4214 et
594 4152 706 4214 strictis
721 4150 876 4214 frondibus
891 4152 995 4236 exples
1008 4171 1018 4229 ;

238 4237 337 4302 Addit
351 4259 426 4320 opus
441 4239 526 4322 pigro
542 4237 634 4315 rivus,
650 4236 674 4300 si
690 4236 803 4300 decidit
817 4237 923 4316 imber,

238 4322 340 4387 Multa
354 4325 430 4387 mole
447 4322 600 4387 docendus
615 4323 716 4406 aprico
733 4343 858 4407 parcere
873 4330 970 4408 prato.

239 4408 331 4473 Nunc
357 4431 415 4493 age
442 4409 515 4494 quid
530 4416 664 4473 nostrum
679 4417 858 4473 concentum
873 4409 990 4473 dividat
1014 4407 1097 4474 audi.

240 4494 338 4567 Quom
353 4503 459 4560 tenues
475 4496 604 4559 decuere
619 4504 708 4580 togae
723 4495 870 4579 nitidique
886 4496 998 4580 capilli,

241 4579 338 4654 Quem
353 4582 412 4645 scis
426 4583 586 4646 immunem
609 4580 736 4645 Cinarae
752 4583 900 4665 placuisse
915 4580 1029 4666 rapaci,

241 4666 338 4741 Quem
353 4667 486 4731 bibulum
501 4668 604 4752 liquidi
619 4668 719 4732 media
735 4668 772 4731 de
787 4669 855 4733 luce
870 4668 1003 4749 Falerni,

203 4797 215 4830 .
241 4752 345 4817 Coena
358 4753 458 4817 brevis
468 4756 558 4838 juvat
572 4762 604 4817 ct
618 4776 710 4838 propa
727 4756 823 4818 rivum
838 4776 958 4818 somnum
974 4755 1006 4818 in
1019 4753 1132 4833 berba3

241 4837 309 4904 Nec
324 4840 429 4903 lusisse
445 4840 540 4926 pudet
566 4840 619 4906 sed
635 4862 694 4905 nou
709 4841 842 4909 incidere
857 4841 971 4907 ludum.
