2900 6042
1163 1396 1292 1443 un.
1339 1397 1387 1444 1.
1437 1395 1638 1444 ams‘r.
1686 1397 1800 1445 xv.
2379 1384 2506 1449 199

417 1545 486 1615 N
485 1572 564 1616 on
591 1550 727 1617 istic
757 1550 993 1634 obliquo
1023 1549 1194 1613 oculo
1221 1572 1358 1615 mea
1386 1551 1697 1617 commoda
1725 1551 2043 1638 quisquam

417 1635 640 1717 Limat,
669 1659 789 1701 non
810 1637 945 1701 odio
977 1636 1227 1700 obscuro
1257 1658 1573 1721 morsuque
1605 1647 1903 1718 venenat3

418 1722 652 1787 Rident
682 1723 859 1787 vicini
890 1722 1096 1805 glebas
1126 1730 1189 1784 et
1217 1743 1364 1786 saxa
1391 1732 1751 1787 moventem.

416 1807 573 1874 Cum
595 1809 783 1872 servis
812 1809 1043 1871 urbana
1072 1807 1263 1871 diaria
1291 1809 1504 1873 rodere
1534 1811 1722 1873 mavis
1753 1822 1771 1880 3
2436 1836 2501 1885 ⁴0

414 1892 650 1959 Horum
683 1904 750 1958 tu
779 1895 840 1958 in
870 1915 1182 1957 numerum
1213 1902 1349 1957 voto
1378 1896 1503 1958 ruis
1529 1915 1546 1972 ;
1589 1895 1821 1959 invidet
1847 1916 2022 1962 usum

413 1978 743 2064 Lignorum
774 1987 837 2044 et
865 1979 1096 2064 pecoris
1126 1979 1232 2043 tibi
1261 1980 1391 2044 calo
1427 1988 1677 2065 argutus
1708 1988 1773 2046 et
1797 1982 1978 2046 horti.

419 2064 607 2150 Optat
635 2066 912 2151 ephippia
938 2066 1068 2146 bos,
1097 2066 1274 2152 piger
1297 2072 1469 2152 optat
1495 2087 1669 2131 arare
1701 2067 2002 2145 caballus;

415 2148 612 2227 Quam
642 2152 758 2218 scit
786 2162 1040 2237 uterque
1084 2151 1277 2216 libens
1329 2152 1585 2217 censebo
1637 2160 1921 2218 exerceat
1948 2160 2162 2220 artem.

1011 2582 1590 2649 EPISTOLA
1704 2585 1877 2652 XV.

410 2755 595 2832 Qum
624 2755 705 2819 sit
729 2753 920 2819 hiems
948 2755 1187 2834 Veliae,
1217 2754 1378 2840 quod
1404 2756 1661 2838 caelum,
1689 2757 1873 2839 Vala,
1906 2755 2164 2838 Salerni,

408 2841 679 2917 Quorum
707 2840 1009 2905 hominum
1036 2841 1203 2925 regio
1232 2848 1296 2906 et
1321 2843 1518 2927 qualis
1547 2843 1667 2923 via,
1712 2845 1891 2927 (nam
1920 2844 2067 2910 mihi
2095 2841 2281 2912 Baias

405 2926 586 2992 Musa
615 2947 1018 3012 supervacuas
1046 2927 1368 3009 Antonius,
1400 2936 1465 2992 et
1493 2936 1695 2993 tamen
1723 2930 1839 2995 illis

405 3013 512 3078 Me
545 3015 692 3079 facit
720 3012 995 3093 invisum,
1025 3012 1226 3097 gelida
1254 3034 1391 3078 cum
1421 3015 1662 3098 perluor
1690 3015 1853 3080 unda

404 3098 528 3164 Per
555 3099 817 3164 medium
846 3100 1058 3183 frigus.
1150 3097 1310 3164 Sane
1339 3107 1604 3164 murteta
1629 3101 1889 3187 relinqui
2444 3120 2479 3172 ὅ

406 3185 703 3270 Dictaque
733 3195 1066 3250 cessantem
1095 3185 1295 3251 nervis
1323 3184 1549 3250 elidere
1578 3188 1851 3251 morbum

404 3270 711 3358 Sulphura
738 3269 1040 3335 contemni
1072 3271 1240 3336 vicus
1269 3272 1479 3356 gemit,
1508 3271 1749 3338 invidus
1778 3272 1999 3358 aegris,

399 3356 521 3432 Qui
549 3361 732 3441 caput
760 3364 824 3420 et
849 3358 1217 3424 stomachum
1246 3377 1584 3442 supponere
1612 3359 1873 3423 fontibus
1908 3357 2136 3423 audent

401 3442 660 3507 Clusinis
713 3440 1054 3527 Gabiosque
1083 3449 1300 3527 petunt
1331 3450 1403 3513 et,
1421 3443 1644 3526 frigida
1670 3465 1833 3508 rura.

400 3527 730 3593 Mutandus
758 3529 924 3592 locus
953 3534 1047 3592 est
1081 3535 1146 3591 et
1174 3525 1516 3592 deversoria
1542 3535 1687 3592 nota
2415 3549 2478 3598 ιο

400 3612 924 3698 Praeteragendus
953 3633 1164 3697 equus.
1254 3611 1389 3687 Quo
1417 3611 1665 3677 tendis?
1734 3610 1879 3676 Non
1905 3613 2053 3678 mihi
2082 3611 2304 3678 Cumas

396 3698 512 3765 Est
538 3700 656 3765 iter
684 3707 793 3764 aut
817 3698 1024 3777 BaiaS,
1051 3699 1241 3761 laeva·
1253 3699 1657 3762 stomachosus
1684 3698 1921 3763 habena

395 3784 579 3850 Dicet
607 3806 792 3869 eques
815 3805 832 3861 ;
875 3783 984 3847 sed
1007 3781 1147 3866 equi
1173 3782 1408 3846 frenato
1438 3790 1533 3846 est
1564 3783 1724 3847 auris
1752 3783 1815 3846 in
1842 3784 2009 3867 ore.)

394 3870 595 3955 Major
622 3879 825 3933 utrum
855 3868 1139 3953 populum
1165 3867 1453 3930 frumenti
1482 3868 1651 3952 copia
1690 3875 1920 3952 pascat,

395 3957 771 4022 Collectosne
801 3954 1010 4018 bibant
1036 3952 1255 4016 imbres
1285 3961 1573 4037 puteosne
1604 3975 1898 4038 perennes
2413 3978 2475 4029 15

390 4043 573 4126 Jugis
604 4058 832 4126 aquae3
912 4039 1093 4123 (nam
1121 4038 1260 4103 vina
1283 4039 1430 4102 nihil
1460 4061 1654 4104 moror
1692 4040 1849 4105 illius
1879 4054 2055 4114 orae;

392 4129 561 4194 Rure
591 4148 725 4192 meo
753 4147 991 4212 possum
1020 4123 1254 4209 quidvis
1284 4126 1553 4209 perferre
1584 4126 1847 4210 patique,

392 4215 498 4278 Ad
527 4235 693 4278 mare
724 4234 861 4277 cum
883 4210 1019 4275 veni
1071 4232 1427 4294 generosum
1458 4221 1521 4276 et
1547 4213 1682 4276 lene
1714 4213 1977 4297 require,

393 4299 568 4375 Quod
598 4319 774 4364 curas
804 4298 1028 4381 abigat,
1051 4297 1211 4381 quod
1239 4318 1376 4361 cum
1405 4319 1511 4382 spe
1543 4297 1729 4362 divite
1756 4305 1962 4362 manet

390 4384 468 4449 In
497 4406 681 4449 venas
711 4385 1090 4467 animumque
1122 4405 1341 4462 meum,
1371 4383 1532 4466 quod
1561 4384 1747 4447 verba
1777 4384 2097 4464 ministret,
2406 4402 2470 4452 20

392 4469 567 4545 Quod
597 4491 693 4534 me
725 4469 1008 4535 Lucanae
1027 4468 1314 4552 juvenem
1345 4469 1719 4533 commendet
1748 4471 2040 4558 amicae.)

391 4557 648 4622 Tractus
677 4564 813 4620 uter
841 4555 1041 4656 plures
1070 4554 1327 4639 lepores,
1347 4563 1487 4618 uter
1508 4554 1730 4620 educet
1756 4576 1955 4640 apros,

391 4641 555 4708 Utra
581 4642 771 4726 magis
799 4662 994 4725 pisces
1024 4648 1088 4704 et
1116 4640 1356 4704 echinos
1386 4639 1650 4725 aequora
1678 4643 1898 4721 celent,

393 4729 640 4813 Pinguis
670 4735 740 4791 ut
765 4727 906 4792 inde
937 4726 1178 4791 domum
1203 4725 1420 4810 possim
1450 4726 1817 4811 Phaeaxque
1846 4726 2094 4808 reverti,

391 4812 673 4880 Scribere
701 4822 763 4878 te
791 4813 981 4891 nobis,
1009 4813 1117 4877 tibi
1145 4834 1254 4876 nos
1282 4813 1605 4877 accredere
1635 4835 1747 4898 par
1780 4820 1893 4878 est.
2401 4829 2469 4880 ab

473 4898 776 4980 Maenius,
805 4907 876 4963 ut
902 4899 1081 4964 rebus
1109 4899 1394 4963 maternis
1425 4906 1610 4985 atque
1639 4901 1904 4986 paternis
