2900 6042
315 603 2218 1020 u
1912 1009 1922 1011 -
2228 603 2291 996 Ι
2275 603 2373 1008 -ὑΙ
2390 603 2721 1010 .

425 1367 553 1434 226
1231 1384 1352 1432 ηε
1396 1371 1687 1432 refirma.

429 1538 702 1604 Primum
730 1537 845 1622 ipsi
875 1536 984 1600 tibi
1010 1556 1027 1614 ;
1074 1543 1220 1600 tunc
1250 1543 1357 1601 tua
1385 1559 1483 1601 me
1514 1536 1842 1627 infortunia
1864 1535 2136 1617 laedent,

427 1623 694 1708 Telephe
724 1625 819 1686 vel
850 1623 1079 1686 Peleu:
1129 1624 1283 1686 male
1314 1623 1364 1687 si
1394 1623 1678 1686 mandat-a
1705 1622 1967 1705 loqueris

410 1709 564 1775 Aut
590 1709 920 1772 dormitabo
950 1715 1058 1771 aut
1085 1708 1311 1771 ridebo.
1402 1708 1626 1771 Tristia
1650 1715 1945 1772 maestum

437 1795 685 1859 Vultum
717 1794 901 1856 verba
930 1794 1170 1870 decent,
1202 1794 1419 1857 iratum
1450 1794 1627 1876 plena
1656 1793 1972 1874 minarum,

428 1880 767 1944 Ludentem
796 1879 1040 1958 lasciva,
1073 1900 1350 1942 severum
1377 1880 1537 1943 seria
1565 1880 1752 1943 dictu.

427 1965 677 2031 Format
704 1965 861 2027 enim
891 1971 1108 2028 natura
1137 1965 1300 2046 prius
1328 1986 1436 2028 nos
1465 1965 1626 2028 intus
1654 1964 1733 2028 ad
1763 1985 1998 2029 omnem

427 2050 828 2116 Fortunarum
859 2050 1153 2131 habitum3
1169 2051 1349 2134 juvat
1377 2056 1484 2113 aut
1508 2050 1760 2134 impellit
1788 2049 1867 2114 ad
1898 2050 2073 2129 iram,

412 2136 562 2200 -Aut
590 2135 667 2199 ad
695 2136 940 2199 humum
971 2155 1238 2198 maerore
1267 2137 1438 2218 gravi
1469 2135 1718 2198 deducit
1744 2143 1809 2199 et
1836 2135 2049 2220 angit3

428 2221 578 2284 Post
604 2223 778 2284 effert
804 2220 985 2282 animi
1014 2227 1208 2283 motus
1237 2220 1567 2304 interprete
1594 2220 1822 2305 lingua.

387 2373 401 2387 ‚
431 2304 496 2370 Si
527 2305 779 2370 dicentis
808 2313 988 2369 erunt
1017 2305 1271 2369 fortunis
1298 2307 1521 2370 absona
1552 2306 1718 2371 dicta

427 2392 683 2456 Romani
711 2391 924 2455 tollent
953 2390 1186 2474 equites
1215 2391 1566 2476 peditesque
1597 2391 1974 2456 cachinnum.

426 2476 716 2542 Intererit
743 2477 997 2540 multum
1045 2474 1303 2541 divusne
1345 2478 1629 2561 loquatur
1656 2497 1735 2541 an
1762 2477 1961 2558 heros,

427 2561 786 2627 Maturusne
817 2583 1003 2626 senex
1031 2582 1110 2625 an
1139 2559 1336 2627 a'dhuc
1365 2563 1616 2626 florente
1635 2563 1892 2646 juventa

425 2647 745 2727 Fervidus‚
775 2655 839 2711 et
867 2655 1139 2711 matrona
1167 2655 1377 2732 potens
1406 2668 1484 2711 an
1520 2648 1731 2712 sedula
1762 2647 1992 2729 nutrix,

426 2733 811 2798 Mercatorne
843 2754 1032 2816 vagus
1062 2734 1333 2797 cultorne
1363 2733 1611 2796 virentis
1640 2734 1844 2816 agelli,

429 2818 689 2884 Colchus
717 2840 796 2883 an
825 2818 1136 2902 Assyrius,
1166 2818 1386 2882 Thebis
1415 2819 1676 2882 nutritus
1704 2840 1782 2882 an
1812 2817 2020 2902 Argis.

426 2904 561 2966 Aut
588 2905 807 2968 famam
835 2925 1090 2988 sequere
1115 2974 1121 2981 ,
1144 2911 1252 2968 aut
1278 2905 1390 2968 sibi
1418 2904 1834 2968 convenientia
1858 2905 2043 2989 finge.

430 2988 702 3073 Scriptor
729 2990 1081 3053 honoratum
1110 2989 1160 3052 si
1189 2991 1344 3054 forte
1375 2989 1611 3074 reponis
1640 2989 1965 3071 Achillem,

426 3074 717 3159 Impiger,
746 3074 1091 3153 iracundus,
1122 3075 1521 3155 inexorabilis,
1550 3095 1693 3139 acer

426 3159 471 3224 J
475 3182 582 3223 ura
611 3166 796 3243 neget
822 3160 933 3223 sibi
963 3167 1128 3237 nata,
1159 3161 1303 3224 nihil
1333 3183 1451 3225 non
1483 3166 1727 3245 arroget
1754 3161 1955 3229 armis.

430 3243 525 3308 Sit
554 3244 971 3309 Medeaferox
1001 3246 1365 3330 invictaque,
1394 3246 1606 3311 flebilis
1634 3247 1769 3326 Ino,

426 3329 703 3394 Perfidus
733 3329 928 3410 Ixion,
959 3330 1030 3394 Io
1059 3352 1237 3414 vaga,
1268 3332 1456 3396 tristis
1486 3331 1754 3398 Orestes.
2015 3412 2022 3418 ·

429 3414 497 3479 Si
526 3416 669 3499 quid
699 3415 1074 3499 inexpertum
1102 3438 1317 3481 scenae
1349 3418 1665 3482 committis
1716 3424 1781 3482 et
1809 3415 1999 3485 audes

426 3500 751 3565 Personam
781 3501 1038 3566 formare
1069 3523 1300 3577 novam,
1328 3515 1610 3565 servetur
1637 3501 1715 3563 ad
1744 3502 1932 3567 imum

427 3585 636 3660 Qualis
664 3587 740 3650 ab
770 3587 1009 3671 incepto
1037 3590 1418 3672 processerit,
1448 3596 1513 3653 et
1540 3589 1653 3652 sibi
1682 3594 1939 3652 constet.

424 3671 679 3736 Difficile
711 3681 804 3736 est
833 3674 1068 3758 proprie
1100 3676 1437 3738 communia
1465 3675 1705 3753 dicere;
1751 3681 1946 3758 tuque

423 3758 675 3823 Rectius
705 3758 958 3823 Iliacum
989 3781 1227 3824 carmen
1259 3761 1508 3824 deducis
1537 3760 1599 3824 in
1629 3768 1825 3839 actus,

393 3902 396 3906 ,
424 3843 620 3918 Quam
649 3845 700 3908 si
729 3845 1026 3928 proferres
1055 3846 1259 3929 ignota
1287 3846 1632 3929 indictaque
1662 3846 1908 3931 primus·

423 3929 677 3992 Publica
704 3930 985 3994 materies
1007 3932 1220 4014 privati
1242 3932 1397 4015 juris
1427 3932 1565 4010 erit,
1595 3932 1646 3995 si

423 4013 564 4077 Non
596 4015 759 4077 circa
788 4016 964 4078 vilem
993 4017 1382 4100 patulumque
1413 4017 1739 4080 moraberis
1768 4015 1996 4098 orbem,

422 4098 486 4161 N
489 4120 559 4162 ec
587 4101 772 4164 verbo
802 4100 1050 4163 verbum
1075 4101 1310 4165 curabis
1340 4101 1596 4165 reddere
1625 4102 1783 4165 fidus

422 4183 758 4268 InterpreS‚
788 4206 902 4248 nec
933 4185 1170 4250 desilies
1201 4187 1463 4251 imitator
1490 4187 1551 4250 in
1582 4196 1818 4252 arctum

423 4267 609 4334 Unde
638 4269 853 4353 pedem
886 4271 1149 4353 proferre
1183 4274 1374 4354 pudor
1404 4280 1572 4336 vetet
1597 4280 1705 4337 aut
1732 4270 1935 4356 operis⁴
1956 4272 2079 4336 lex.

422 4353 557 4417 Nec
587 4355 672 4418 sic
702 4356 969 4439 incipieS‚
999 4363 1069 4418 ut
1097 4359 1349 4441 scriptor
1382 4359 1645 4443 cyclicus
1673 4358 1851 4422 olim:

421 4444 462 4475 “
489 4439 818 4503 Fortunam
850 4441 1071 4504 Priami
1103 4444 1353 4507 cantabo
1384 4452 1448 4507 et
1475 4444 1670 4508 nobile
1697 4441 1987 4507 bellum.'’

420 4522 580 4597 Quid
612 4525 860 4608 dignum
891 4535 1056 4589 tanto
1086 4527 1240 4590 seret
1269 4529 1364 4592 hic
1394 4531 1713 4613 promissor
1740 4525 1961 4592 hiatu?

419 4609 775 4673 Parturiunt
805 4619 1056 4687 mont-es,
1085 4622 1367 4676 nascetur
1396 4615 1682 4679 ridiculus
1711 4635 1864 4677 mus·

420 4694 659 4768 Quanto
690 4696 914 4759 rectius
944 4697 1064 4774 hic,
1095 4698 1196 4780 qui
1228 4700 1310 4761 nil
1341 4701 1581 4764 molitur
1611 4702 1812 4783 inepte
1838 4722 1854 4762 ε

417 4784 459 4816 “
488 4779 602 4843 Dic
636 4781 803 4858 mihi,
836 4780 1037 4858 Musa,
1070 4783 1283 4861 virum,
1315 4792 1530 4868 captae
1562 4793 1695 4870 post
1725 4793 1995 4868 tempora
2022 4782 2242 4872 OErojm

418 4861 535 4938 Qui
565 4885 760 4929 mores
787 4866 1087 4930 bominum
1115 4870 1435 4934 multorum
1467 4871 1615 4936 vidit
1641 4879 1707 4936 et
1734 4868 1984 4937 urbes?

2413 2154 2508 2206 uo

2408 2579 2503 2631 115

2405 4290 2499 4343 135

2405 4703 2499 4755 uo
