2900 6042
1165 1442 1293 1488 un.
1328 1440 1404 1488 11.
1439 1442 1576 1489 SAT.
1620 1442 1715 1489 1v.

402 1595 674 1677 Dulcior;
703 1594 928 1680 irriguo
958 1595 1101 1659 nihil
1132 1603 1225 1659 est
1254 1596 1474 1660 elutius
1515 1597 1705 1662 horto.

404 1679 474 1744 Si
503 1682 877 1765 vespertinus
906 1682 1101 1745 subito
1132 1690 1190 1745 te
1222 1683 1585 1765 oppresserit
1612 1684 1849 1768 hospes,

400 1766 502 1831 Ne
532 1769 757 1850 gallina
787 1769 1005 1830 malum
1044 1778 1354 1850 responset
1383 1768 1538 1831 dura
1569 1771 1788 1852 palam,

398 1852 632 1916 Doctus
664 1853 781 1916 eris
812 1854 1005 1916 vivam
1042 1855 1227 1915 mixto
1261 1876 1523 1917 mersare
1555 1856 1845 1919 Falerno:

398 1938 536 2001 Hoc
569 1944 838 2002 teneram
867 1940 1070 2003 faciet.
1162 1940 1551 2003 Pratensibus
1583 1943 1804 2023 optima
1837 1940 2042 2024 fungis

399 2023 641 2088 Natura
669 2032 796 2088 est:
845 2026 974 2088 aliis
1004 2026 1159 2087 male
1191 2026 1478 2088 creditur.
1570 2027 1683 2089 Ille
1718 2027 1987 2094 salubres

396 2111 686 2173 Aestates
718 2118 968 2194 peraget
1020 2111 1123 2194 qui
1153 2112 1339 2194 nigris
1373 2113 1622 2195 prandia
1654 2114 1831 2175 moris

397 2189 618 2272 Finiet‚
649 2204 788 2258 ante
820 2218 1066 2278 gravem
1095 2218 1249 2278 quae
1279 2198 1498 2280 legerit
1527 2200 1738 2262 arbore
1768 2200 1971 2262 solem.

396 2280 679 2344 Aufidius
708 2283 847 2344 forti
876 2282 1165 2345 miscebat
1194 2284 1371 2346 mella
1400 2284 1679 2362 Falerno,

324 2430 341 2445 ‚
395 2365 713 2446 Mendose‚
742 2368 1020 2451 quoniam
1051 2369 1254 2430 vacuis
1285 2370 1653 2432 committere
1684 2370 1852 2433 venis

396 2450 504 2514 Nil
532 2453 645 2515 nisi
673 2453 808 2515 lene
842 2452 1055 2516 decet:
1104 2453 1224 2515 leni
1260 2454 1611 2536 praecordia
1642 2456 1835 2519 mulso

398 2536 701 2601 Prolueris
732 2538 961 2601 melius.
1058 2535 1124 2599 Si
1154 2537 1306 2600 dura
1335 2540 1660 2601 morabitur
1687 2540 1879 2619 alvuS,

396 2622 650 2687 Mitulus
681 2631 745 2687 et
776 2623 921 2686 viles
952 2623 1176 2705 pellent
1202 2623 1501 2686 obstantia
1529 2625 1791 2688 conchae

398 2707 483 2772 Et
510 2709 740 2792 lapathi
771 2708 970 2771 brevis
998 2707 1208 2787 herba,
1240 2707 1347 2771 sed
1378 2709 1512 2772 albo
1540 2730 1660 2772 non
1688 2709 1815 2772 sine
1853 2706 1999 2773 Coo.

397 2793 661 2856 Lubrica
688 2801 1005 2856 nascentes
1038 2793 1286 2877 implent
1315 2794 1629 2878 conchylia
1662 2796 1840 2858 lunae
1872 2813 1889 2870 3

401 2878 526 2940 Sed
555 2900 673 2941 non
702 2900 874 2942 omne
905 2900 1068 2942 mare
1097 2886 1193 2942 est
1219 2901 1546 2962 generosae
1577 2881 1776 2944 fertile
1806 2885 2014 2945 testae.

396 2963 633 3027 Murice
664 2965 893 3027 Baiano
922 2965 1130 3028 melior
1159 2963 1421 3029 Lucrina
1450 2966 1689 3049 peloriS,

399 3049 619 3114 Ostrea
649 3049 919 3129 CirceiiS‚
950 3049 1184 3114 Miseno
1214 3051 1486 3114 oriuntur
1524 3052 1741 3131 echini,

396 3135 744 3199 Pectinibus
774 3137 990 3220 patulis
1010 3137 1207 3222 jactat
1235 3158 1299 3200 se
1330 3139 1504 3200 molle
1536 3138 1885 3201 Tarentum.

396 3220 531 3284 Nec
561 3221 671 3284 sibi
701 3243 1019 3285 coenarum
1049 3222 1242 3307 quivis
1274 3231 1497 3286 temere
1521 3224 1771 3307 adroget
1800 3230 2017 3302 artem,

395 3306 458 3369 N
460 3328 537 3369 on
569 3307 731 3390 prius
761 3316 975 3372 exacta
1005 3308 1169 3371 tenui
1199 3309 1425 3372 ratione
1457 3330 1756 3394 saporum.

395 3391 460 3454 N
462 3413 530 3456 ec
562 3393 706 3456 satis
736 3402 828 3457 est
881 3415 1024 3457 cara
1051 3395 1243 3478 pisces
1275 3402 1548 3458 avertere
1582 3417 1786 3459 mensa

395 3476 686 3562 Ignarum
738 3480 950 3564 quibus
980 3489 1074 3543 est
1092 3482 1195 3563 jus
1225 3481 1420 3565 aptius
1455 3488 1518 3543 et
1546 3482 1761 3565 quibus
1790 3478 1939 3544 assis

394 3563 742 3649 Languidus
771 3567 834 3629 in
863 3566 1128 3629 cubitum
1148 3567 1274 3650 jam
1305 3588 1369 3629 se
1401 3567 1652 3630 conviva
1681 3573 1950 3650 reponet.

393 3649 625 3715 Umber
653 3658 721 3715 et
743 3652 928 3734 iligna
957 3652 1217 3714 nutritus
1248 3651 1465 3733 glande
1497 3651 1783 3714 rotundas

394 3734 635 3824 Cui-vat·
652 3759 799 3821 aper
824 3739 1027 3800 lances
1057 3757 1298 3799 carnem
1329 3737 1571 3799 vitantis
1611 3737 1862 3799 inertem
1888 3755 1904 3797 τ

391 3822 554 3886 Nam
583 3823 854 3886 Laurens
885 3822 1075 3884 malus
1106 3829 1219 3899 est,
1250 3822 1401 3883 ulvis
1431 3828 1495 3884 et
1531 3821 1821 3884 arundine
1860 3818 2119 3903 pinguis.

391 3907 592 3972 Vinea
621 3907 917 3971 submittit
946 3927 1195 3989 capreas
1225 3928 1342 3968 non
1370 3927 1609 3989 semper
1638 3906 1865 3970 edules.

394 3992 444 4061 F
444 3993 714 4057 ecundae
743 3993 961 4075 leporis
990 3992 1225 4075 sapiens
1254 3993 1584 4055 sectabitur
1613 4013 1827 4055 armos.

392 4077 664 4143 Piscibus
694 4086 876 4161 atque
906 4078 1113 4140 avibus
1143 4099 1297 4161 quae
1327 4087 1544 4142 natura
1574 4086 1636 4141 et
1666 4079 1820 4141 foret
1849 4081 2018 4142 aetas

391 4165 556 4228 Ante
586 4185 787 4228 meum
816 4164 960 4226 nulli
992 4164 1186 4246 patuit
1216 4164 1488 4246 quaesita
1520 4166 1807 4248 palatum.

320 4280 331 4289 ·
393 4248 551 4313 Sunt
579 4272 830 4334 quorum
861 4250 1163 4331 ingenium
1193 4271 1348 4313 nova
1379 4258 1612 4313 tantum
1646 4251 1913 4313 crustula
1951 4245 2187 4332 promit·

391 4335 794 4419 Nequaquam
823 4335 966 4398 satis
998 4335 1058 4397 in
1088 4357 1152 4398 re
1184 4356 1304 4398 una
1334 4356 1681 4399 consumere
1712 4357 1939 4416 curam,

390 4420 480 4485 Ut
508 4422 557 4484 si
588 4422 720 4505 quis
749 4421 936 4484 solum
965 4421 1077 4484 hoc
1130 4423 1289 4484 mala
1318 4443 1392 4484 ne
1423 4423 1545 4485 sint
1576 4423 1713 4485 vina
1762 4423 2014 4497 laboret,

390 4505 566 4580 Quali
597 4507 920 4590 perfundat
951 4508 1145 4590 pisces
1175 4529 1424 4570 securus
1456 4509 1627 4570 olivo.

390 4592 652 4657 Massica
679 4593 730 4656 si
760 4594 925 4656 caelo
955 4614 1252 4676 suppones
1283 4595 1421 4656 vina
1451 4615 1662 4657 sereno

387 4679 705 4743 Nocturna
758 4678 982 4761 siquid
1013 4679 1199 4741 crassi
1229 4686 1324 4742 est·
1379 4679 1724 4741 tenuabitur
1753 4699 1924 4758 aura,

389 4765 475 4828 Et
504 4764 761 4828 decedet
788 4764 936 4828 odor
962 4766 1165 4828 nervis
1192 4766 1465 4828 inimicus
1489 4785 1504 4840 ;
1550 4773 1612 4827 at
1641 4764 1744 4828 illa

385 4850 700 4934 Integrum
733 4851 996 4935 perdunt
1021 4851 1142 4915 lino
1174 4852 1381 4914 vitiata
1408 4872 1703 4934 saporem.

389 4935 747 5002 Surrentina
776 4937 947 5001 vafer
975 4938 1076 5020 qui
1106 4938 1316 5002 miscet
1346 4938 1514 5000 faece
1548 4937 1807 5002 Falerna

2356 1427 2483 1490 167·

2401 3668 2464 3717 40
