2900 6042
1206 1525 1337 1572 1.113.
1383 1525 1431 1572 1.
1481 1526 1680 1573 Emer.
1728 1525 1777 1574 1.

455 1675 679 1758 Nenia,
705 1697 862 1762 quae
889 1699 1145 1762 regnum
1172 1685 1339 1742 recte
1370 1679 1727 1743 facientibus
1754 1681 1951 1760 offert,

454 1762 541 1828 Et
569 1765 830 1828 maribus
860 1764 1056 1828 Curiis
1087 1771 1150 1826 et
1180 1764 1502 1828 decantata
1535 1763 1796 1830 Camillis
1822 1764 1848 1829 ⁴?

452 1848 596 1913 Isne
629 1850 734 1913 tibi
762 1850 971 1913 melius
999 1850 1216 1913 suadet
1268 1850 1371 1933 qui
1401 1872 1530 1914 rem
1558 1850 1766 1930 faciaS,
1794 1873 1946 1931 rem,
2067 1928 2072 1933 Ι

455 1932 523 1998 Si
552 1936 741 2019 possis
792 1942 981 2013 recte,
1011 1936 1061 1998 si
1090 1957 1209 1997 non
1261 1956 1621 2019 quocunque
1667 1936 1842 2000 modo
1872 1958 2025 2017 rem,
2073 1960 2080 1969 ·

452 2018 545 2084 Ut
572 2022 813 2105 propius
841 2028 1078 2104 spectes
1122 2021 1440 2086 lacrimosa
1470 2023 1743 2104 poemata
1775 2022 1960 2107 Pupi,

450 2105 556 2168 An
585 2107 688 2191 qui
740 2106 1041 2170 Fortunae
1073 2114 1134 2169 te
1164 2127 1513 2188 responsare
1543 2108 1837 2190 superbae

450 2189 734 2255 Liberum
764 2201 827 2255 et
856 2200 1123 2254 erectum
1170 2212 1454 2274 praesens
1483 2192 1755 2255 hortatur
1784 2200 1847 2256 et
1875 2192 2093 2278 aptat?

450 2274 678 2350 Quodsi
706 2298 801 2339 me
832 2278 1083 2360 populus
1114 2277 1418 2339 Romanus
1447 2278 1601 2339 forte
1633 2286 1828 2359 roget,
1858 2299 1970 2342 cur

449 2360 514 2423 N
515 2382 592 2425 on
622 2369 691 2425 ut
718 2363 1040 2445 porticibus
1071 2362 1156 2425 sic
1176 2361 1420 2444 judiciis
1449 2362 1618 2424 fruar
1646 2363 1857 2443 isdem,

448 2445 586 2511 Nec
615 2468 834 2532 sequar
862 2456 969 2511 aut
997 2447 1222 2530 fugiam
1252 2468 1409 2530 quae
1438 2447 1633 2529 diligit
1661 2448 1788 2531 ipse
1820 2450 1916 2513 vel
1944 2450 2093 2532 odit,

452 2529 611 2597 Olim
639 2532 799 2618 quod
829 2532 1038 2616 vulpes
1067 2540 1313 2614 aegroto
1343 2541 1525 2596 cauta
1551 2534 1707 2596 leoni

428 2614 784 2705 ..Respondit
834 2618 1130 2682 referam:
1179 2615 1336 2691 Quia
1362 2638 1459 2680 me
1490 2618 1745 2702 vestigia
1772 2625 2027 2698 terrent,

430 2700 670 2773 *Omnia
698 2708 758 2767 te
785 2703 1104 2766 adversum
1132 2703 1489 2786 spectantia,
1519 2705 1684 2767 nulla
1711 2711 2057 2770 retrorsum.

2400 1510 2523 1574 183

2451 2728 2517 2778 75

445 2787 648 2854 Belua
691 2791 1014 2853 multorum
1042 2810 1109 2852 es
1139 2788 1422 2872 capitum.
1457 2785 1621 2853 Nam
1650 2789 1794 2872 quid
1821 2811 2044 2875 sequar
2094 2798 2202 2856 aut
2228 2791 2453 2878 quem?

446 2872 603 2939 Pars
630 2874 932 2939 hominum
964 2875 1147 2959 gestit
1175 2874 1512 2938 conducere
1543 2874 1805 2958 publica,
1833 2884 1977 2941 sunt
2005 2878 2112 2963 qui

450 2958 685 3024 Crustis
714 2967 778 3024 et
806 2960 994 3045 pomis
1025 2960 1236 3023 viduas
1269 2968 1566 3023 venentur
1596 2980 1832 3040 avaraS,

448 3042 888 3145 Excipiamque
918 3067 1092 3109 senes
1121 3066 1269 3129 quos
1295 3046 1359 3107 in
1388 3046 1616 3109 vivaria
1642 3047 1925 3125 mittant;

444 3128 660 3197 Multis
687 3132 931 3195 occulto
953 3131 1171 3195 crescit
1199 3152 1296 3194 res
1327 3132 1553 3194 fenore.
1644 3130 1879 3196 Verum

446 3214 598 3280 Esto
648 3217 778 3281 aliis
807 3218 953 3280 alios
980 3217 1160 3280 rebus
1187 3216 1520 3299 studiisque
1552 3218 1741 3281 teneri
1768 3240 1785 3281 ε

447 3298 620 3366 Idem
650 3302 860 3366 eadem
891 3309 1137 3386 possunt
1163 3301 1371 3365 horam
1401 3302 1619 3366 durare
1649 3301 2020 3387 probantes?

446 3385 668 3452 Nullus
691 3388 756 3452 in
785 3388 927 3452 orbe
956 3387 1122 3451 sinus
1150 3386 1316 3450 Baiis
1345 3389 1655 3471 praelucet
1682 3388 1967 3473 amoenis,

449 3469 517 3537 Si
544 3472 695 3537 dixit
717 3472 909 3553 dives,
936 3473 1104 3536 lacus
1135 3480 1198 3535 et
1226 3493 1390 3535 mare
1421 3474 1605 3536 sentit
1632 3494 1895 3537 amorem

442 3556 810 3623 Festinantis
837 3559 1005 3634 heri3
1054 3557 1154 3622 cui
1181 3557 1231 3620 si
1262 3557 1474 3621 vitiosa
1501 3558 1682 3623 libido

443 3641 689 3708 Fecerit
715 3644 1066 3729 auspicium,
1093 3646 1135 3680 ‘⁴
1161 3640 1314 3706 Cras
1343 3641 1715 3706 ferramenta
1743 3642 2017 3706 Teanum

444 3727 713 3809 Tolletis,
742 3726 966 3793 fabri.”
1009 3728 1234 3793 Lectus
1263 3729 1513 3812 genialis
1540 3729 1603 3791 in
1632 3731 1770 3794 aula
1799 3737 1915 3813 est,

443 3811 553 3877 Nil
581 3814 668 3878 ait
695 3835 828 3879 esse
857 3813 1045 3899 prius,
1072 3814 1286 3878 melius
1315 3814 1396 3876 nil
1426 3814 1653 3878 caelibe
1685 3817 1809 3881 vita
1834 3836 1853 3895 ;

448 3897 664 3964 Sinon
692 3906 788 3964 est
827 3900 999 3985 jurat
1024 3899 1179 3963 bene
1207 3899 1345 3963 solis
1375 3920 1507 3962 esse
1536 3901 1783 3965 maritis.

445 3983 579 4060 Quo
608 3990 847 4049 teneam
876 3985 1078 4048 vultus
1106 3990 1436 4048 mutantem
1467 3984 1691 4049 Protea
1718 3986 1926 4051 nodo?

444 4068 606 4144 Quid
633 4069 916 4155 pauper?
1004 4070 1160 4134 Ride
1186 4092 1202 4133 ε
1250 4077 1443 4133 mutat
1473 4075 1817 4154 coenacula,
1845 4073 2057 4154 lectos,

441 4154 699 4235 Balnea,
728 4162 1019 4235 tonsores,
1048 4155 1611 4238 conductonavigio
1641 4178 1834 4243 aeque

443 4240 509 4305 N
509 4247 723 4306 auseat
748 4262 821 4305 ac
845 4242 1111 4325 locuples
1164 4262 1344 4324 quem
1374 4241 1541 4304 ducit
1570 4243 1739 4326 priva
1770 4242 2046 4308 triremis.

533 4325 601 4391 Si
629 4334 874 4392 curatus
904 4327 1201 4410 inaequali
1233 4335 1467 4390 tonsore
1506 4329 1746 4412 capillos

444 4410 724 4492 Occurri,
752 4413 954 4489 rides;
998 4414 1047 4476 si
1078 4413 1231 4475 forte
1263 4413 1555 4476 subucula
1583 4435 1771 4497 pexae

443 4497 614 4562 Trita
641 4498 849 4563 subest
871 4498 1110 4562 tunicae
1164 4499 1260 4561 vel
1289 4498 1339 4560 si
1371 4506 1513 4580 toga
1542 4500 1794 4563 dissidet
1821 4499 2035 4583 impar,

444 4582 674 4648 Rides:
722 4584 889 4668 quid,
918 4605 1055 4647 mea
1084 4604 1221 4647 cum
1252 4591 1483 4666 pugnat
1510 4586 1810 4650 sententia
1837 4605 2067 4666 secum,

447 4665 621 4744 Quod
649 4670 823 4754 petiit
849 4670 1101 4754 spernit,
1131 4669 1351 4752 repetit
1380 4669 1538 4750 quod
1569 4692 1763 4755 nuper
1790 4670 2009 4752 omisit,

444 4753 710 4820 Aestuat
737 4762 802 4820 et
829 4757 988 4819 vitae
1018 4753 1388 4817 disconvenit
1416 4754 1624 4818 ordine
1655 4764 1800 4834 tote,

444 4838 670 4919 Dimit,
698 4841 998 4921 aedificat,
1023 4847 1218 4903 mutat
1246 4838 1544 4922 quadrata
1572 4842 1842 4906 rotundis
1866 4840 1894 4906 ’ἰ

444 4924 721 4992 Insanire
748 4935 926 5029 putas
954 4925 1260 4991 sollemnia
1287 4943 1383 4987 me
1435 4947 1634 5011 neque
1665 4926 1847 5008 rides,

445 5010 584 5079 Nee
611 5013 830 5079 medici
857 5013 1055 5078 credis
1084 5031 1197 5075 nec
1228 5012 1521 5076 curatoris
1550 5033 1732 5096 egere

2428 4859 2519 4908 100
