2900 6042
1241 1329 1590 1377 CAR-mmm

714 1480 965 1561 Parcas,
993 1502 1107 1546 nec
1137 1482 1335 1565 rigida
1363 1485 1594 1547 mollior
1622 1485 1864 1549 aesculo

711 1566 849 1633 Noc
878 1567 1110 1631 Mauris
1141 1571 1402 1632 animum
1431 1571 1631 1634 mitior
1659 1570 1979 1654 anguibus.

711 1652 777 1717 N
778 1674 854 1716 on
881 1654 994 1717 hoc
1025 1675 1261 1738 semper
1289 1656 1406 1718 erit
1432 1657 1650 1719 liminis
1679 1666 1788 1720 aut
1814 1678 2011 1742 aquae
2045 1714 2061 1729 .

970 1737 1260 1804 Caelestis
1289 1742 1523 1825 patiens
1550 1742 1732 1806 latus.

1069 2165 1519 2234 GARMEN
1576 2168 1733 2236 XI.

710 2513 1141 2594 MERcum‚—
1155 2531 1298 2575 nam
1326 2515 1391 2575 te
1423 2510 1635 2578 docilis
1662 2512 1954 2598 magistro

707 2599 906 2665 Movit
931 2599 1237 2682 Amplflon
1263 2596 1497 2682 lapides
1527 2601 1927 2681 canendo,-

710 2686 925 2771 Tuque
969 2684 1219 2748 ,testudo
1272 2705 1554 2747 resonare
1583 2693 1817 2772 septem

1054 2769 1288 2834 Callida
1316 2770 1542 2845 nervis,

712 2855 851 2919 Nec
879 2856 1100 2938 loquax
1129 2855 1267 2917 olim
1294 2876 1493 2938 neque
1526 2863 1723 2939 grata,
1750 2877 1913 2922 nuno
1943 2861 2009 2921 et

706 2941 977 3005 Divitum
1005 2940 1225 3003 mensis
1256 2947 1319 3003 et
1346 2941 1541 3003 amica
1567 2942 1826 3026 templis,

703 3025 823 3091 Dic
845 3025 1051 3088 modos
1103 3025 1276 3109 Lyde
1306 3026 1523 3109 quibus
1551 3027 1878 3092 obstinatas

1043 3110 1330 3193 Applicet
1357 3132 1560 3189 aures,

708 3193 880 3270 Quae
936 3195 1100 3258 velut
1125 3196 1261 3259 latis
1292 3216 1450 3279 equa
1478 3195 1658 3260 trima
1685 3196 1932 3283 campis,

705 3279 894 3344 Ludit
922 3281 1198 3343 exsultim
1228 3282 1559 3365 metuitque
1591 3283 1782 3366 tangi,

707 3365 1075 3450 Nuptiarum
1105 3387 1317 3449 expers
1372 3373 1435 3429 et
1465 3367 1661 3431 adhuc
1692 3373 1970 3451 protervo

1057 3450 1262 3515 Cruda
1289 3453 1523 3515 marito·

705 3537 800 3602 Tu
828 3543 998 3621 potes
1030 3537 1217 3621 tigres
1248 3538 1611 3621 comitesque
1641 3536 1821 3601 silvas

702 3622 946 3688 Ducere
1001 3630 1064 3686 et
1093 3625 1249 3687 rivos
1279 3625 1508 3686 celeres
1537 3621 1757 3686 morari
1781 3641 1800 3700 ;

708 3708 907 3774 Cessit
931 3709 1204 3773 immanis
1234 3709 1340 3772 tibi
1369 3708 1700 3772 blandienti

1043 3794 1088 3858 J
1091 3795 1284 3859 anitor
1313 3796 1486 3858 aulae

707 3875 1030 3956 Cerberus,
1060 3879 1330 3961 quamvis
1359 3879 1573 3942 furiale
1603 3884 1849 3943 centum

707 3960 991 4025 Muniant
1019 3982 1248 4043 angues
1277 3970 1462 4045 caput
1490 3965 1620 4046 ejus
1650 3971 1833 4047 atque

711 4044 972 4129 Spiritus
1002 4052 1161 4110 teter
1190 4047 1506 4129 saniesque
1536 4055 1743 4112 manet

1049 4128 1173 4193 Ore
1204 4131 1490 4212 trilingui.

707 4214 869 4291 Quin
896 4220 962 4279 et
990 4213 1163 4279 Ixion
1192 4215 1521 4301 Tityosque
1552 4215 1726 4279 voltu

704 4301 863 4366 Risit
891 4301 1101 4382 invito,
1131 4302 1299 4366 stetit
1326 4321 1482 4365 urna
1512 4301 1776 4385 paullum

707 4386 887 4454 Sicca
938 4388 1079 4452 dum
1111 4396 1284 4471 grato
1312 4387 1512 4451 Danai
1540 4387 1772 4471 puellas

1047 4474 1326 4555 Carmine
1354 4475 1604 4538 mulces.

704 4559 941 4625 Audiat
969 4559 1142 4645 Lyde
1169 4562 1364 4625 scelus
1394 4567 1577 4644 atque
1606 4566 1778 4624 notas

705 4643 1027 4730 Virginum
1055 4650 1297 4732 poenas
1329 4653 1393 4710 et
1419 4648 1598 4710 inane
1626 4644 1907 4731 lymphae

704 4728 945 4796 Dolium
974 4733 1160 4798 fundo
1189 4733 1497 4818 pereuntis
1525 4733 1665 4811 imo,

1048 4818 1319 4902 Seraque
1347 4818 1480 4883 fata
