2900 6042
376 1455 458 1521 18
1242 1414 1592 1524 cim

804 1626 888 1690 Et
915 1628 1104 1691 versis
1134 1628 1461 1692 animosum
1492 1630 1663 1713 equis

715 1711 1009 1776 Pal-thum
1039 1712 1240 1778 dicere
1294 1734 1407 1777 nec
1438 1735 1596 1798 quae
1625 1715 1770 1778 nihil
1800 1716 2079 1781 attinent.

801 1796 923 1861 Hic
955 1798 1153 1861 vivum
1182 1798 1327 1861 mihi
1352 1800 1703 1886 caespitem,
1731 1801 1830 1864 hic
1915 1834 1921 1839 ·

712 1881 1054 1963 verbenas,
1084 1885 1278 1968 pueri,
1307 1886 1509 1968 ponite
1564 1886 1862 1971 thuraque

799 1969 959 2031 Bimi
992 1990 1129 2031 cum
1159 1976 1370 2053 patera
1398 1971 1546 2033 meri
1572 1993 1589 2034 ε
2386 1992 2446 2044 ιε

708 2051 986 2118 Mactata
1012 2054 1214 2119 veniet
1241 2057 1429 2118 lenior
1456 2055 1669 2120 hostia-

1054 2478 1512 2546 GARMEN
1574 2481 1757 2547 XX.

704 2822 880 2889 Vm
907 2822 1140 2906 potabis
1166 2820 1414 2885 modicis
1445 2820 1735 2886 Sabinum

713 2907 1034 2972 cantharis
1088 2905 1328 2970 Graeca
1356 2907 1517 2990 quod
1546 2929 1660 2990 ego
1687 2909 1815 2993 ipse
1845 2915 2006 2974 testa

709 2992 1029 3058 conditum
1057 2990 1200 3069 levi,
1223 2991 1401 3054 datus
1428 2991 1493 3054 in
1521 2993 1757 3057 theatro

1053 3075 1212 3142 Cum
1257 3076 1368 3139 tibi
1419 3078 1687 3161 plausus,

709 3161 866 3228 Care
894 3160 1223 3226 Maecenas
1252 3183 1460 3245 eques,
1490 3170 1561 3226 ut
1598 3162 1835 3248 paterni
2407 3187 2441 3236 ε

704 3247 998 3313 Fluminis
1024 3247 1192 3332 ripae
1243 3247 1418 3311 simul
1446 3255 1511 3311 et
1528 3250 1737 3334 jocosa

705 3333 1020 3400 Redderet
1044 3333 1256 3396 laudes
1286 3333 1393 3397 tibi
1423 3333 1712 3399 Vaticani

1045 3419 1272 3484 Montis
1301 3419 1530 3503 imago.

707 3504 1050 3569 Caecubum
1080 3511 1144 3569 et
1170 3506 1336 3590 prelo
1365 3505 1648 3570 domitam
1680 3504 1904 3571 Caleno

700 3590 797 3655 Tu
823 3591 991 3654 bibes
1019 3600 1234 3654 uvam:
1282 3612 1420 3655 mea
1445 3612 1560 3655 nec
1590 3592 1886 3656 Falernae
2383 3613 2442 3662 ιο

704 3675 1071 3763 Temperant
1099 3676 1252 3740 vites
1304 3697 1501 3760 neque
1541 3677 1844 3742 Formiani

1056 3760 1285 3827 Pocula
1313 3763 1515 3827 colles.

1022 4186 1480 4252 GARMEN
1538 4187 1772 4254 XXI.

611 4530 892 4596 DIANAM
923 4535 1168 4593 tenerae
1199 4527 1378 4591 dicite
1408 4529 1693 4613 virgines,

613 4616 949 4695 Intonsum‚
980 4615 1176 4700 pueri,
1207 4616 1387 4678 dicite
1421 4614 1770 4701 Cynthium'

696 4701 1105 4786 Latonamque
1137 4723 1413 4784 supremo

792 4787 1091 4852 Dilectam
1120 4789 1357 4872 penitus
1385 4787 1429 4852 J
1431 4788 1549 4851 ovi.

617 4873 747 4938 Vos
775 4875 996 4937 laetam
1023 4874 1216 4937 fluviis
1247 4882 1310 4937 ct
1338 4894 1646 4938 nemorum
1677 4893 1868 4952 coma,
2404 4897 2438 4945 5

574 5023 579 5028 .
626 4957 1032 5044 Quaecunque
1063 4967 1170 5023 aut
1198 4960 1395 5042 gelido
1424 4959 1722 5043 prominet
1757 4957 1985 5043 Algido
