2900 6042
219 1360 282 1426 206
627 1379 851 1427 rrrsromaou
906 1363 909 1369 '
965 1379 967 1382 ·

184 1519 193 1536 ’
218 1532 262 1597 Te
278 1533 354 1597 duee
371 1556 425 1617 per
439 1555 547 1618 pueros
561 1534 661 1598 hostili
675 1555 758 1599 more
773 1534 924 1610 refertur3

218 1620 421 1683 Adversarius
437 1631 483 1683 est
498 1621 602 1698 frater,
619 1622 702 1684 lacus
719 1621 850 1698 Hadria,
866 1621 962 1684 donec

218 1706 411 1768 Alterutrum
429 1707 511 1768 velox
522 1706 660 1769 Victoria
671 1707 777 1769 l'ronde
788 1711 920 1769 coronet.

219 1790 395 1853 Consentire
411 1792 472 1854 suis
487 1792 594 1854 studiis
608 1792 659 1874 qui
675 1787 839 1855 crediderit
854 1799 895 1868 te,

218 1875 331 1939 Fautor
346 1886 573 1960 utroquetuum
588 1877 722 1939 laudabit
735 1878 840 1960 pollice
855 1875 969 1939 ludum.

218 1960 359 2024 Protinus
375 1970 408 2024 ut
423 1983 568 2040 moneam,
583 1963 608 2025 si
623 1962 695 2046 quid
712 1964 863 2027 monitoris
880 1983 951 2046 eges
967 1968 1011 2042 tu,

218 2045 298 2120 Quid
314 2047 351 2109 de
367 2068 484 2131 quoque
501 2049 564 2110 viro
579 2056 611 2111 ot
625 2048 675 2110 cui
689 2048 772 2112 dicas
798 2069 889 2132 saepe
904 2047 1015 2111 videto.

218 2131 462 2195 “merrtatorcm
477 2133 585 2216 fugito,
604 2154 674 2197 narn
697 2134 839 2217 garrulus
855 2134 936 2197 idem
950 2141 1008 2214 est,

320 2219 433 2280 atinent
448 2220 568 2302 patulae
584 2220 740 2283 commima
753 2221 884 2283 fideliter
898 2240 998 2300 aures,
1225 2236 1257 2287 to

286 2304 367 2366 smel
382 2305 522 2368 emissum
537 2305 618 2368 volat
631 2305 826 2369 irrevocabile
841 2306 976 2370 verbum.

242 2412 290 2453 ,οη
306 2390 414 2454 ancilla
429 2397 514 2453 tuum
522 2391 614 2476 jecur
627 2393 744 2455 ulceret
759 2393 821 2455 ulla
835 2412 947 2476 puerve

218 2475 306 2539 Intra
318 2496 518 2540 marmoreum
533 2477 696 2541 venerandi
709 2478 801 2541 limen
815 2478 914 2558 amici,

218 2560 252 2625 N
253 2583 269 2625 e
285 2562 421 2625 dominus
436 2563 521 2646 pueri
536 2563 654 2648 pulchri
667 2583 795 2627 caraeve
811 2564 928 2648 puellae

219 2646 348 2711 Munere
365 2655 394 2711 te
410 2670 502 2731 parvo
515 2648 587 2712 beet
601 2655 655 2712 aut
668 2649 872 2713 incommodus
888 2655 990 2733 angat.
1223 2671 1256 2720 π

221 2734 349 2807 Qualem
358 2734 560 2814 commendes,
576 2735 666 2798 etiam
681 2743 772 2819 atque
789 2736 879 2798 etiam
894 2734 1028 2820 adspice,
1042 2756 1081 2801 ne
1095 2755 1164 2800 mox

218 2818 374 2882 Incutiant
389 2821 487 2883 aliena
502 2821 554 2884 tibi
570 2829 695 2903 peccata
712 2821 866 2904 pudorem.

219 2904 365 2969 Fallimur
391 2913 422 2968 et
436 2906 586 2990 quondum
600 2928 659 2970 uon
674 2906 798 2990 dignum
814 2906 979 2970 tradimus:
1003 2927 1077 2993 ergo

219 2989 316 3065 Quem
331 3011 387 3053 sua
401 2993 489 3074 culpa
504 3001 620 3075 premet
646 2992 791 3076 deceptus
805 2993 910 3056 omitte
926 2992 1015 3079 tueri,

219 3075 266 3141 Ut
280 3078 399 3160 penitus
414 3087 528 3155 notum,
543 3078 569 3141 si
584 3086 702 3141 tentent
717 3077 852 3157 crimina,
866 3098 970 3142 serves

218 3163 399 3247 Tnterisque
415 3173 467 3227 tuo
481 3163 623 3227 fidentem
635 3164 803 3248 praesidio:
828 3164 880 3247 qui

219 3248 320 3312 Dente
336 3249 488 3313 Theonino
503 3270 571 3312 cum
587 3249 826 3326 circumditur,
842 3247 951 3334 ecquid

219 3334 271 3401 Ad
287 3348 317 3399 to
333 3342 400 3419 post
415 3336 503 3419 paulo
519 3342 646 3398 ventura
661 3335 795 3419 pericula
809 3334 929 3399 sentis?

135 3420 141 3434 “
219 3418 252 3485 N
253 3444 301 3484 am
315 3429 369 3484 tua
383 3443 432 3484 res
447 3421 548 3503 egitur
574 3421 672 3504 paries
686 3441 754 3483 cum
770 3422 920 3506 proximus
934 3419 1033 3501 ardet,

220 3507 262 3571 Et
276 3508 414 3590 neglecta
429 3508 525 3570 solent
539 3506 677 3570 incendia
690 3528 809 3570 sumere
825 3508 914 3570 vires.
1222 3528 1254 3579 ω

221 3592 325 3657 Dulcis
339 3593 503 3677 inexpertis
517 3594 636 3656 cultura
650 3594 779 3677 potentis
795 3593 901 3668 amici;

220 3679 372 3763 Expertus
386 3680 503 3743 metuit.
548 3678 595 3742 Tu
622 3678 694 3742 dum
709 3687 762 3742 tua
777 3679 861 3742 navis
875 3679 906 3741 in
920 3678 981 3742 ulto
995 3683 1043 3743 est

200 3763 203 3769 ’
219 3764 288 3829 Hoc
302 3786 370 3849 age,
384 3788 423 3829 ne
438 3773 555 3828 mutata
569 3773 733 3828 retrorsum
748 3777 778 3826 te
793 3765 873 3827 serat
886 3784 971 3828 aura.

221 3849 361 3915 Oderunt
374 3852 499 3914 hilarem
515 3851 617 3914 tristes
630 3851 808 3933 tristemque
817 3849 924 3934 jocosi,

221 3934 366 4001 Sedatum
382 3939 506 4015 celeres,
522 3937 632 4019 agilem
656 3956 831 4021 navumque
853 3933 969 3999 remissi
982 3953 991 4013 3
1224 3956 1257 4008 oo

220 4020 347 4086 Potores
363 4022 454 4085 bibuli
469 4023 567 4085 media
582 4021 619 4085 de
634 4032 722 4085 noete
737 4021 859 4085 Falerni

222 4107 362 4172 Oderunt
376 4116 515 4192 porrecta
529 4115 690 4191 negantem
705 4107 823 4191 pocula,
839 4106 975 4191 quamvis

220 4193 392 4259 Nocturnos
402 4195 488 4278 jures
503 4200 533 4256 te
548 4193 708 4256 formidare
723 4215 860 4277 vapores.

219 4278 318 4344 Deme
332 4279 490 4363 supercilio
505 4279 634 4341 nubem:
658 4279 833 4362 plerumque
849 4278 1002 4345 modestus

222 4365 361 4448 Occupat
375 4364 493 4429 obscuri
507 4364 650 4448 speciem,
666 4365 833 4427 taciturnus
848 4366 960 4428 acerbi.

221 4450 308 4515 Inter
322 4459 432 4515 cuncta
446 4451 529 4533 leges
544 4459 576 4514 et
590 4450 805 4534 percontabere
821 4449 936 4530 doctos,

222 4535 291 4610 Qua
305 4538 419 4600 ratione
435 4558 528 4620 queas
543 4537 703 4600 traducere
717 4538 826 4601 leniter
840 4558 948 4601 aevum
963 4556 972 4613 ;

222 4621 305 4684 Num
321 4631 350 4685 te
366 4644 484 4706 semper
498 4623 583 4705 inops
598 4625 693 4706 agitet
708 4634 857 4708 vexetque
872 4622 992 4707 cupido,
1023 4629 1025 4634 '

222 4705 306 4771 Num
322 4730 414 4790 pavor
429 4719 460 4771 et
476 4730 576 4770 rerum
590 4709 780 4772 mediocriter
794 4710 911 4771 utilium
926 4727 1015 4792 spes;

222 4791 378 4856 Virtutem
393 4794 529 4857 doctrina
541 4801 634 4877 paret,
642 4802 789 4857 naturane
804 4794 917 4869 donet·;
1214 4812 1261 4864 ιω

223 4875 304 4952 Quid
319 4879 434 4944 minuat
447 4900 547 4958 ouras,
562 4880 635 4964 quid
651 4888 681 4943 te
697 4878 751 4944 tibi
766 4879 875 4943 reddat
888 4877 1041 4957 amioum
