2900 6042
189 1265 253 1332 100
440 1242 701 1326 cnsumnums.
725 1275 772 1322 ιν.
797 1275 896 1323 casm.
919 1274 977 1323 xv.

404 1431 436 1497 N
438 1453 455 1496 e
579 1429 769 1514 Tyrrhenum
784 1449 840 1512 per
853 1449 967 1513 aequor

480 1517 529 1580 ela
542 1515 656 1578 darem.
701 1515 778 1594 Tua,
795 1513 919 1596 Caesar,
934 1521 1019 1580 actes

362 1603 480 1686 Fruges
495 1610 526 1665 et
541 1601 621 1684 agris
636 1601 755 1664 rettulit
769 1600 880 1664 uberes
1215 1619 1233 1670 s

362 1688 404 1753 Et
418 1691 505 1771 signa
519 1695 620 1750 nostro
634 1686 767 1750 restituit
779 1684 802 1749 J
803 1686 852 1750 ovi

408 1774 545 1856 Derepta
558 1772 741 1836 Parthorum
755 1771 891 1855 superbis

369 1883 375 1895 ·
448 1858 599 1936 Postibus,
615 1864 647 1921 et
660 1878 789 1921 vacuum
804 1857 911 1921 duellis

360 1942 476 2008 Janum
491 1941 607 2017 Quirini
621 1943 740 2022 clausit,
754 1951 787 2006 et
801 1942 936 2006 ordinem

363 2029 494 2093 Rectum
508 2029 648 2111 evaganti
663 2029 750 2091 frena
763 2028 903 2092 licentiae

405 2113 527 2198 Injecit,
542 2115 711 2196 emovitque
726 2115 841 2197 culpes,

449 2198 492 2262 Et
505 2205 624 2262 veteres
638 2200 791 2263 revocavit
805 2206 886 2262 artes

363 2284 426 2349 Per
439 2304 514 2369 quas
529 2282 671 2347 Latinum
681 2305 789 2347 nomen
804 2291 836 2348 et
850 2283 948 2348 Italae

364 2370 495 2435 Crevere
511 2370 589 2449 vires
604 2369 744 2453 famaque
759 2376 791 2432 et
804 2369 911 2455 imperi

404 2455 550 2518 Porrecta
563 2457 704 2539 majestas
718 2455 855 2519 adortus

449 2539 527 2605 Solis
544 2540 580 2609 tb
595 2541 745 2625 Hesperio
759 2540 861 2604 cubili.

363 2623 495 2690 Custode
509 2647 612 2689 rerum
627 2624 758 2689 Caesare
772 2647 831 2689 non
845 2626 931 2690 furor

362 2710 464 2776 Civilis
479 2719 532 2775 aut
547 2711 591 2775 vis
607 2712 708 2795 exiget
721 2711 826 2791 otium,

404 2796 476 2860 Non
490 2798 536 2860 ira
561 2817 639 2880 quae
654 2797 794 2882 procudit
807 2816 894 2860 enses

443 2880 491 2955 ,Et
504 2883 628 2946 miseras
642 2883 776 2946 inimicat
788 2882 889 2946 nrbes.

362 2963 435 3030 Non
462 2968 513 3051 qui
527 2969 708 3051 profundum
722 2968 895 3032 Danubium
907 2966 1016 3032 bibunt

362 3049 473 3115 Edicta
487 3060 627 3136 rumpent
639 3053 661 3118 J
663 3055 735 3134 ulia,
749 3075 809 3117 non
824 3052 934 3134 Getae,

406 3136 477 3201 Non
494 3135 584 3201 Seres
609 3139 731 3203 infidive
746 3140 870 3218 Persae,

449 3221 521 3285 Non
535 3223 650 3294 Tanain
663 3245 756 3324 prope
771 3226 882 3288 flumen
897 3222 966 3288 orti.

363 3306 489 3391 Nosque
504 3315 536 3372 et
550 3310 688 3393 profesus
702 3310 818 3374 lucibus
833 3317 865 3374 et
878 3308 971 3375 sacris

363 3393 450 3458 Inter
459 3395 555 3479 jocosi
569 3417 695 3459 munera
710 3395 811 3459 Liberi

406 3477 482 3543 Cum
497 3482 579 3564 prole
593 3482 796 3566 matronisque
810 3480 930 3561 nostru,

449 3565 520 3629 Rite
536 3567 608 3630 deos
619 3568 701 3651 prius
716 3567 882 3652 oppressu,

364 3646 488 3714 Virtute
503 3653 621 3717 functos
634 3674 716 3717 more
733 3661 853 3737 petrum
867 3652 961 3717 duces

363 3731 458 3818 Lydis
472 3739 597 3801 remixto
612 3739 743 3802 carmine
758 3739 838 3802 tibiis

405 3818 584 3967 Troiamque
600 3831 631 3887 et
644 3825 801 3888 Anchisen
816 3831 848 3887 et
861 3823 958 3887 almae

476 3909 630 3989 rogeniem
640 3908 772 3974 Veneris
787 3928 940 3974 canemus.
