2900 6042
914 1417 1045 1464 m.
1093 1417 1197 1469 111.
1241 1417 1438 1467 ΟΔΒΜ.
1486 1417 1675 1464 XXIV.

689 1566 997 1633 Virtutem
1027 1569 1380 1634 incolumem
1409 1569 1662 1646 odimus,

528 1702 535 1708 .
609 1649 919 1717 Sublatam
948 1675 1024 1718 ex
1052 1655 1238 1718 oculis
1267 1655 1610 1738 quaerimus
1636 1652 1843 1719 invidi.

692 1736 851 1811 Quid
880 1739 1083 1805 tristes
1111 1739 1516 1823 querimoniae

608 1819 677 1886 Si
703 1844 822 1887 non
852 1824 1139 1908 supplicio
1169 1825 1347 1908 culpa
1376 1819 1711 1887 reciditur?

691 1906 852 1981 Quid
881 1909 1047 1990 leges
1100 1909 1227 1972 sine
1257 1909 1518 1972 moribus

612 1990 828 2056 Vanae
880 1993 1217 2075 proficiunt,
1248 1994 1299 2057 si
1326 2014 1524 2077 neque
1553 1991 1801 2056 fervidis

689 2076 842 2141 Pars
870 2078 1101 2141 inclusa
1124 2078 1419 2142 caloribus

605 2161 824 2226 Mundi
873 2183 987 2226 neo
1017 2162 1249 2227 Boreae
1277 2162 1592 2226 finitimum
1617 2161 1779 2227 latus

690 2246 1080 2329 Durataeque
1111 2249 1234 2310 solo
1260 2248 1430 2311 nives

597 2328 1001 2395 Mercatorem
1031 2332 1302 2414 abigunt,
1331 2333 1576 2396 horrida
1603 2327 1805 2397 callidi

687 2415 962 2480 Vincunt
991 2436 1256 2499 aequora
1281 2417 1544 2495 navitae,

600 2499 895 2582 Magnum
927 2500 1242 2584 pauperies
1273 2501 1655 2584 opprobrium
1670 2498 1851 2585 jubet

688 2582 941 2657 Quidvis
952 2591 1033 2648 ·et
1054 2585 1257 2648 facere
1287 2592 1351 2648 et
1378 2593 1507 2668 pati

600 2667 986 2752 virtutisque
1016 2668 1176 2733 viam
1204 2668 1429 2733 deserit
1457 2666 1731 2734 arduae?

686 2753 809 2819 Vel
835 2774 944 2818 nos
971 2753 1036 2816 in
1066 2752 1424 2836 Capitolium

601 2836 736 2913 Quo
764 2839 989 2904 clamor
1014 2844 1193 2903 vocat
1219 2845 1284 2902 et
1311 2839 1491 2902 turba
1516 2837 1871 2918 faventium,

685 2922 808 2988 Vel
835 2944 944 2987 nos
971 2923 1036 2986 in
1063 2943 1228 2987 mare
1257 2924 1592 3008 proximum

603 3006 887 3073 Gemmas
938 3014 1004 3072 et
1028 3008 1261 3093 lapides
1313 3029 1528 3073 aurum
1555 3013 1621 3075 et
1646 3006 1883 3090 inutile,

691 3091 921 3156 Summi
946 3093 1258 3158 materiem
1284 3094 1448 3173 mali,

600 3177 919 3243 Mittamus
971 3179 1267 3243 scelerum
1294 3178 1347 3243 si
1373 3179 1529 3243 bene
1558 3173 1848 3264 poenitet.

688 3261 1012 3327 Eradenda
1040 3263 1334 3347 cupidinis
1485 3331 1489 3335 ,

603 3345 787 3410 Pravi
814 3356 957 3411 sunt
984 3348 1304 3429 elementa,
1333 3354 1399 3412 et
1424 3354 1671 3413 tenerae
1699 3342 1879 3414 nimis

690 3431 933 3496 Mentes
962 3434 1362 3518 asperioribus

600 3514 975 3583 Formandae
997 3518 1230 3583 studiis.
1322 3517 1541 3581 Nescit
1568 3537 1724 3601 equo
1750 3513 1922 3582 rudis

693 3602 969 3666 Haerere
998 3604 1295 3686 ingenuus
1324 3623 1478 3687 puer

602 3682 835 3751 Venari
877 3709 954 3752 ue
985 3688 1178 3766 timet,
1207 3687 1417 3751 ludere
1446 3683 1701 3766 doctior,

694 3769 817 3834 Seu
836 3709 1085 3836 c&raeco
1105 3773 1323 3855 jubeas
1349 3772 1559 3835 trocho

606 3851 733 3918 Seu
758 3856 930 3919 malis
958 3856 1147 3920 vetita
1164 3857 1407 3938 ‚legibus
1436 3856 1593 3933 alea,

695 3940 852 4005 Cum
880 3941 1126 4026 perjura
1154 3941 1345 4026 patris
1372 3942 1529 4006 fides

609 4024 961 4090 consortem
1010 4027 1238 4090 socium
1263 4026 1438 4090 fallat
1488 4031 1554 4090 et
1578 4022 1875 4110 hospitem

690 4109 1067 4194 Indignoque
1096 4111 1412 4194 pecuniam

606 4193 844 4259 Heredi
887 4202 1193 4282 properet.
1298 4195 1548 4261 Scilicet
1577 4192 1881 4280 improbae

695 4279 992 4344 Crescunt
1019 4281 1301 4359 divitia03
1345 4288 1551 4344 tamen

608 4361 834 4430 Guttae
860 4366 1063 4431 nescio
1093 4366 1239 4450 quid
1267 4386 1506 4451 semper
1534 4363 1706 4429 abest
1730 4360 1838 4427 rei.

2253 1399 2338 1470 2⁶

2270 2348 2334 2397 ⁴0
