2900 6042
1139 1523 1332 1571 man.
1378 1525 1545 1573 xvn.

932 1887 1393 1955 GARMEN
1465 1887 1753 1955 XVII.

651 2195 793 2261 JAM
811 2197 941 2281 jam
970 2196 1195 2260 efficaci
1225 2196 1302 2259 do
1330 2217 1543 2261 manus
1572 2194 1885 2276 scientiae,

655 2281 921 2366 Supplex
974 2290 1035 2345 et
1065 2303 1166 2345 oro
1199 2302 1386 2366 regna
1412 2303 1523 2365 per
1551 2282 1972 2384 Proserpinae,

653 2368 776 2431 Per
806 2376 869 2431 et
895 2367 1127 2430 Dianae
1158 2389 1275 2430 non
1303 2367 1596 2431 movenda
1627 2369 1893 2449 numina,

649 2453 774 2517 Per
801 2457 982 2536 atque
1010 2453 1190 2516 libros
1221 2453 1548 2516 carminum
1580 2453 1904 2517 valentium

650 2538 867 2602 Refixa
891 2538 1058 2601 caelo
1089 2538 1380 2601 devocare
1410 2539 1632 2617 sidera,

655 2624 929 2703 Canidia,
959 2644 1139 2707 parce
1171 2624 1411 2687 vocibus
1443 2623 1683 2686 tandem
1713 2624 1899 2687 sacris

651 2709 970 2793 Citumque
1001 2715 1162 2771 retro
1190 2709 1369 2789 solve,
1384 2710 1544 2772 solve
1574 2708 1894 2773 turbinem.

645 2795 842 2859 Movit
868 2801 1145 2879 nepotem
1176 2793 1475 2877 Telephus
1506 2793 1823 2893 Nereium,

649 2879 727 2944 In
754 2901 933 2964 quem
962 2880 1255 2964 superbus
1285 2878 1590 2942 ordinarat
1615 2879 1856 2963 agmina

650 2966 963 3051 Mysorum
1018 2974 1081 3029 et
1107 2965 1170 3028 in
1198 2986 1380 3049 quem
1409 2965 1534 3029 tela
1562 2973 1741 3029 acuta
1769 2972 2047 3033 torserat.

644 3050 895 3116 Unxere
926 3057 1148 3115 matres
1178 3050 1326 3114 Iliae
1356 3050 1663 3114 addictum
1689 3050 1837 3116 feris

644 3132 909 3201 mitibus
939 3143 1120 3221 atque
1151 3137 1398 3200 canibus
1427 3136 1780 3201 homicidam
1810 3136 2165 3221 Hectorem,

642 3222 971 3308 Postquam
1000 3223 1225 3286 relictis
1253 3224 1557 3287 moenibus
1587 3244 1695 3286 rex
1723 3224 1980 3306 procidit

644 3307 792 3372 Heu
845 3308 1180 3393 pervicacis
1234 3308 1313 3372 ad
1341 3308 1528 3392 pedes
1556 3309 1838 3374 Achillei.

647 3392 861 3459 Setosa
889 3394 1052 3458 duris
1083 3415 1303 3458 exuere
1333 3395 1586 3477 pellibus

643 3479 951 3545 Laboriosi
982 3481 1238 3563 remiges
1267 3480 1475 3545 Ulixei·

643 3566 904 3630 Volente
938 3564 1116 3630 Circa
1167 3567 1473 3629 membra·
1458 3614 1474 3642 ‚
1520 3572 1662 3630 tunc
1694 3588 1862 3632 mens
1891 3573 1956 3633 et
1982 3588 2163 3636 sonus

642 3651 942 3735 Relapsus
994 3659 1175 3735 atque
1207 3659 1381 3715 notus
1409 3653 1475 3715 in
1511 3653 1709 3716 vultus
1737 3653 1946 3721 honor.

642 3736 803 3802 Dedi
832 3738 977 3801 satis
1005 3758 1304 3820 superque
1336 3758 1661 3821 poenarum
1690 3737 1819 3818 tibi,

641 3821 867 3887 Amata
892 3824 1092 3886 nautis
1120 3822 1374 3885 multum
1404 3830 1468 3886 et
1494 3822 1879 3888 institoribus.

642 3908 831 3991 Fugit
847 3909 1132 3993 juventas
1185 3916 1248 3971 et
1279 3907 1653 3971 verecundus
1683 3909 1845 3974 color

639 3930 911 4077 Reliquit
940 4014 1074 4056 ossa
1104 3993 1257 4076 pelle
1288 3993 1508 4057 amicta
1532 3993 1774 4072 lurida;

640 4079 786 4142 Tuis
816 4079 1064 4163 capillus
1095 4079 1263 4142 albus
1294 4086 1387 4143 est
1413 4079 1737 4158 odoribus3

640 4164 892 4229 Nullum
923 4186 961 4228 a
987 4166 1187 4228 labore
1217 4187 1311 4229 me
1341 4166 1597 4229 reclinat
1621 4127 1845 4230 otium·
1829 4209 1851 4248 ,

643 4250 845 4334 Urget
874 4251 1031 4314 diem
1060 4272 1176 4313 nox
1229 4260 1293 4315 et
1321 4252 1448 4316 dies
1480 4259 1741 4332 noctem,
1771 4271 1968 4356 neque
1999 4256 2093 4329 est

639 4335 872 4400 Levare
904 4344 1073 4400 tenta
1101 4337 1312 4420 spiritu
1342 4338 1711 4421 praecordia.

637 4421 804 4506 Ergo
832 4430 1120 4505 negatum
1151 4423 1354 4492 vincor
1387 4431 1458 4486 ut
1487 4423 1730 4486 credam
1757 4422 1939 4487 miser

639 4445 879 4572 Sabella
907 4515 1119 4592 pectus
1148 4508 1353 4590 inorep
1355 4529 1459 4583 are
1490 4508 1757 4606 carmina

641 4592 957 4678 Caputque
987 4592 1197 4657 Marsa
1225 4592 1479 4656 diss1hre
1508 4593 1707 4657 nenia.

636 4677 797 4753 Quid
826 4679 1078 4764 amplius
1107 4677 1238 4742 vis?
1315 4676 1370 4742 Ο
1401 4699 1591 4759 mare,
1623 4701 1658 4743 ο
1688 4684 1875 4758 terra,
1906 4677 2112 4764 ardeo,

636 4763 941 4842 Quantum
969 4784 1166 4847 neque
1196 4770 1327 4828 atro
1357 4763 1657 4828 delibutus
1691 4762 2001 4850 Hercules

633 4849 819 4917 Nessi
848 4870 1083 4929 cruore,
1113 4869 1226 4913 nec
1260 4848 1482 4913 Sicana
1507 4849 1741 4913 fervida

629 4936 898 5002 Virens
882 4958 944 4999 ιιι
973 4935 1181 5087 {aetna
1208 4936 1487 5011 flamma3
1534 4942 1604 5000 tu
1655 4936 1845 5007 donec
1874 4934 2027 5009 cinis

2259 1499 2385 1576 12¹1

2318 2990 2379 3039 10

2317 3419 2378 3467 15

2307 4703 2368 4750 80
