2900 6042
199 1400 260 1464 146
624 1413 811 1460 sumamus

198 1572 283 1634 Mille
301 1569 393 1654 pedes
409 1570 440 1631 in
455 1569 564 1648 fronte,
580 1574 732 1632 trecentos
747 1567 851 1651 cippus
865 1566 896 1630 in
916 1587 1022 1650 agnum

199 1658 260 1720 liic
276 1656 383 1720 dabat:
407 1653 549 1718 Heredes
565 1664 789 1717 mouumentum
807 1677 844 1717 ne
861 1661 1052 1736 sequeretur.
1093 1664 1098 1677 '

199 1743 290 1805 Nunc
306 1743 378 1804 licet
392 1740 534 1823 Esquiliis
549 1740 683 1803 habitare
698 1738 865 1801 salubribus
880 1747 971 1821 atque

198 1828 323 1911 Aggere
338 1828 368 1889 in
384 1827 484 1909 aprico
497 1826 632 1909 spatiari,
648 1846 707 1908 quo
722 1823 808 1886 modo
825 1823 925 1887 tristes

201 1914 286 1975 Albis
302 1913 457 1974 informem
472 1911 649 1995 spectabant
664 1911 778 1972 ossibus
793 1928 921 1990 agrum;
1093 1986 1098 1996 Ι

199 1999 276 2062 Cum
298 1997 370 2061 mihi
393 2018 452 2060 non
475 2005 590 2059 tantum
605 1998 748 2077 furesque
765 1995 917 2077 feraeque,
933 1996 1037 2059 sueta

199 2084 291 2146 Hunc
307 2104 415 2146 vexare
432 2084 529 2144 locum
553 2103 643 2145 curae
659 2089 730 2143 sunt
744 2090 834 2164 atque
849 2081 954 2158 labori,

199 2169 351 2241 (tarantum
367 2168 545 2230 carminibus
561 2188 638 2251 quae
655 2175 776 2229 versant
793 2174 884 2249 atque
900 2165 1023 2229 venenis

199 2256 355 2316 Humanas
371 2253 491 2316 animos.
513 2252 580 2316 Has
594 2253 676 2315 nullo
694 2252 819 2334 perdere
836 2272 955 2334 possum

199 2340 266 2402 Nec
282 2340 438 2422 prohibere
453 2339 552 2415 modo,
567 2339 704 2401 simulac
721 2359 798 2420 vaga
812 2338 884 2400 luna
898 2336 1040 2400 decorum

200 2425 329 2488 Protulit
344 2446 387 2499 os,
403 2424 475 2507 quin
489 2445 556 2487 ossa
571 2425 675 2505 legant
688 2423 854 2505 belluisque
871 2429 1023 2486 nocentes.

200 2510 273 2574 Vidi
288 2520 407 2593 egomet
420 2510 508 2592 nigra
522 2510 704 2573 succinctam
722 2510 830 2571 vadere
849 2509 928 2591 palla

201 2595 357 2659 Canidiam
373 2596 498 2679 pedibus
512 2595 600 2658 nudis
615 2616 760 2679 passoque
776 2594 894 2677 capillo,

201 2681 277 2745 Cum
294 2680 415 2764 Sagana
429 2683 539 2765 majore
555 2682 718 2743 ululantem
733 2700 741 2755 ;
764 2680 858 2763 pallor
876 2686 1019 2763 utrasque

199 2767 330 2831 Fecerat
343 2767 506 2829 lmrrendas
522 2767 678 2851 adspectu.
725 2764 868 2848 Scalpere
883 2772 995 2829 terram

201 2853 359 2936 Unguibus
375 2861 405 2914 et
421 2853 532 2936 pullam
547 2853 688 2915 divellere
706 2851 856 2914 mordicus
870 2872 981 2933 agnam

201 2938 390 3022 Coeperunt;
414 2959 501 3001 cruor
516 2938 546 3000 in
562 2938 671 3001 fossam
685 2938 838 3015 confusus,
854 2944 888 2999 ut
902 2935 972 3000 inde

200 3024 308 3087 Manes
323 3025 474 3096 elicerent,
481 3025 594 3087 animas
609 3044 751 3107 responsa
766 3023 899 3085 daturas.

199 3108 303 3172 Lanea
317 3118 348 3172 et
364 3110 475 3191 effigies
490 3119 567 3189 erat,
582 3109 677 3172 alters
691 3130 797 3172 cerea:
822 3110 916 3191 major

199 3195 313 3274 Lanea,
329 3216 406 3279 quae
423 3196 524 3276 poenis
540 3208 744 3278 compesceret
758 3195 949 3271 inferiorem

200 3280 298 3344 Cerea
312 3281 486 3363 suppliciter
501 3282 599 3344 stabat
614 3281 781 3359 servilibus,
797 3287 923 3362 atquae

198 3366 221 3430 J
223 3388 270 3429 am
286 3367 419 3450 peritura
445 3366 549 3429 modis.
594 3366 735 3429 Hecaten
751 3373 838 3428 vocat
853 3366 958 3443 altera,
974 3384 1095 3430 saevum

199 3452 309 3516 Altera
323 3452 521 3534 Tisiphonen:
546 3460 700 3536 serpentes
716 3459 806 3534 atquc
825 3451 940 3514 videres

200 3537 338 3600 Infernas
354 3560 455 3601 errare
472 3559 572 3615 canes,
588 3538 768 3621 Lunamque
785 3536 943 3599 rubent-cm

200 3622 250 3685 Ne
265 3623 342 3686 foret
356 3624 402 3686 his
419 3625 503 3686 testis
532 3631 598 3707 post
612 3645 723 3706 magna
738 3624 832 3685 latere
848 3626 996 3705 scpulcra.

199 3708 332 3772 Mentior
347 3717 378 3772 at
392 3710 416 3772 si
433 3709 504 3791 quid
532 3710 641 3772 merdis
657 3717 748 3792 caput
765 3708 903 3790 inquiner
918 3707 992 3770 albis

200 3792 374 3871 Corsorum,
390 3804 480 3878 atque
497 3795 527 3856 in
542 3817 589 3857 mc
606 3796 706 3858 verriat
721 3795 844 3856 mictum
859 3802 949 3876 atquc
971 3799 1109 3857 cacatum

197 3878 298 3943 Julius
314 3889 345 3943 et
362 3881 475 3963 fragilis
491 3880 629 3943 Pediatia
644 3882 751 3963 furque
767 3880 918 3941 Vorenus.

201 3964 327 4047 Singula
341 3967 413 4049 quid
429 3965 613 4028 memorem?
636 3988 695 4049 quo
711 3976 798 4049 pacto
814 3966 930 4027 alterna
947 3966 1104 4049 loquentes

199 4050 331 4114 Umbrae
349 4073 416 4114 curn
434 4051 555 4134 Sagana
570 4061 745 4114 resonarent
760 4051 844 4112 triste
861 4061 891 4112 ct
906 4058 1040 4132 acutum,

199 4136 304 4219 thue
320 4138 381 4220 lupi
397 4137 518 4199 barbam
534 4137 633 4199 variae
650 4158 717 4200 cum
734 4137 824 4199 dente
840 4137 980 4200 colubras

199 4222 381 4284 Abdidcrint
394 4222 497 4284 furtim
513 4223 646 4284 terrisct
660 4223 788 4305 imagine
805 4243 894 4284 ccrca

199 4307 325 4390 Largior
340 4309 446 4371 arserit
461 4308 549 4390 ignis,
565 4316 596 4370 ct
611 4316 718 4371 utnon
734 4308 818 4370 testis
833 4308 945 4371 inultus

198 4393 375 4456 Ilcrruerim
393 4415 480 4456 voces
498 4394 655 4456 Furiarum
672 4403 703 4456 et
717 4394 798 4456 fucta
817 4394 954 4456 duarum.

197 4478 278 4541 Nam
305 4480 435 4561 displosa
449 4488 535 4542 sonat
550 4489 695 4563 quantum
710 4480 811 4541 vesica
837 4479 945 4562 pepedi

197 4564 316 4627 Diffissa
331 4576 401 4627 nate
418 4567 511 4640 ficus;
535 4575 567 4628 at
581 4567 649 4627 illac
667 4587 789 4628 currere
805 4565 834 4626 in
852 4566 966 4628 urbem.
992 4611 994 4615 -

198 4650 341 4713 Canidiae
358 4651 474 4728 dentes,
490 4653 583 4714 altum
599 4650 738 4734 Saganae
754 4650 938 4714 caliendrum

198 4736 346 4799 Excidcre
363 4744 453 4819 atquc
469 4738 577 4800 herbas
591 4747 682 4820 atque
697 4738 851 4800 incantata
864 4735 985 4800 lacertis

198 4820 329 4887 Vincula
355 4843 422 4887 cum
437 4843 545 4907 magno
560 4823 681 4908 risuque
691 4824 821 4906 jocoque
837 4822 965 4886 videres.-
