2900 6042
241 603 2571 1060 u

422 1120 429 1126 Δ
2534 1108 2558 1119 Ψ

373 1395 456 1462 16

1237 1410 1586 1458 osnmmm

795 1564 938 1630 Fias
966 1563 1290 1628 recantatis
1323 1563 1518 1627 amica

885 1649 1235 1736 Opprobriis
1264 1649 1645 1733 animumque
1676 1648 1916 1715 reddas.

897 2023 901 2026 μ
1006 2076 1463 2143 GARMEN
1523 2075 1803 2142 XVII.

705 2421 931 2488 Venox
958 2441 1269 2484 amoenum
1300 2440 1481 2504 saepe
1511 2420 1878 2486 Lucretilem

701 2506 909 2572 Mutat
938 2505 1180 2591 Lycaeo
1207 2505 1455 2570 Faunus
1505 2514 1569 2571 et
1596 2507 1836 2590 igneam

787 2592 1080 2658 Defendit
1107 2597 1396 2656 aestatem
1426 2594 1673 2678 capellis

873 2677 1088 2762 Usque
1116 2678 1265 2741 meis
1294 2678 1642 2763 pluviosque
1672 2684 1905 2744 ventos.

701 2762 958 2846 Impune
987 2771 1184 2825 tutum
1213 2784 1322 2846 per
1352 2784 1564 2827 nemus
1587 2763 1830 2828 arbutos

702 2848 1019 2923 Quaerunt
1044 2849 1302 2911 latentes
1333 2854 1396 2909 et
1424 2849 1635 2932 thyma
1664 2847 1875 2913 deviae

793 2932 1030 2998 Olentis
1057 2953 1274 2996 uxores
1300 2931 1523 3012 mariti,

872 3016 1010 3082 Nec
1041 3017 1264 3081 virides
1290 3023 1569 3081 metuunt
1596 3017 1871 3083 colubras

700 3102 839 3169 Nec
867 3102 1184 3166 Martiales
1209 3100 1542 3166 Haedileae
1569 3103 1764 3187 lupos,

695 3189 1023 3272 Utcunque
1053 3187 1238 3267 dulci,
1267 3186 1558 3273 Tyndari,
1584 3190 1787 3254 fistula

782 3274 996 3340 Valles
1027 3280 1092 3336 et
1117 3273 1366 3338 Usticae
1395 3273 1671 3338 cubantis

869 3357 1097 3422 Laevia
1123 3379 1484 3443 personuere
1514 3380 1680 3423 saxa.

692 3444 777 3511 Di
803 3466 900 3509 me
930 3451 1199 3523 tuentur,
1229 3444 1320 3508 dis
1361 3444 1553 3528 pietas
1582 3466 1719 3512 mea

692 3530 778 3597 Et
804 3529 982 3594 Musa
1014 3530 1180 3593 cordi
1208 3535 1320 3594 est.
1409 3530 1532 3594 Hic
1565 3531 1672 3594 tibi
1702 3531 1874 3615 copia

773 3615 1052 3681 Manabit
1079 3616 1158 3679 ad
1187 3616 1429 3700 plenum
1458 3615 1716 3700 benigno
1774 3658 1778 3662 -

859 3701 1044 3766 Ruris
1071 3703 1362 3765 honorum
1389 3721 1424 3764 ο
1467 3702 1672 3765 ulenta
1702 3723 1910 3767 cornu.

688 3786 819 3852 Hic
843 3787 906 3852 in
933 3788 1190 3853 reducta
1215 3788 1371 3852 valle
1458 3786 1731 3852 aniculae

690 3873 932 3939 Vitabis
961 3881 1164 3937 aestus
1216 3881 1280 3936 et
1306 3873 1425 3936 fide
1457 3873 1608 3938 Teia

776 3958 962 4022 Dices
988 3958 1328 4022 laborantes
1357 3959 1419 4020 in
1447 3980 1567 4023 uno

861 4043 1211 4126 Penelopen
1238 4043 1610 4125 vitreamque
1642 4042 1895 4120 Circen3

688 4127 813 4193 Hic
838 4127 1171 4191 innocentis
1200 4128 1415 4210 pocula
1443 4126 1645 4189 Lesbii

688 4215 895 4280 Duces
925 4213 1036 4277 sub
1064 4213 1299 4294 umbra,
1364 4233 1476 4276 nec
1512 4210 1842 4276 Semeleius

774 4297 928 4363 Cum
958 4297 1161 4361 Marte
1193 4297 1520 4361 confundet
1547 4297 1870 4382 Thyoneus

860 4384 1121 4462 Proelia,
1151 4403 1264 4446 nec
1295 4389 1525 4446 metues
1554 4390 1898 4468 protervum

690 4468 987 4554 Suspecta
1017 4468 1265 4554 Cyrum,
1295 4490 1371 4532 ne
1400 4470 1555 4533 male
1586 4469 1810 4555 dispari

687 4556 1138 4620 Incontinentes
1168 4555 1395 4640 injiciat
1424 4577 1636 4619 manus

772 4643 857 4706 Et
885 4641 1121 4706 scindat
1148 4642 1497 4705 haerentem
1527 4662 1805 4706 coronam

856 4726 1133 4792 Crinibus
1184 4728 1660 4813 immeritamque
1690 4734 1940 4792 vestem.

2372 3215 2434 3266 10

2366 3641 2429 3691 15
