2900 6042
1004 2027 1083 2104 Q.
1141 2027 1518 2093 HORATII
1571 2024 1891 2095 FLAOOI

575 2249 1274 2339 EPISTOLA
1345 2250 1537 2338 AD
1610 2248 2287 2338 PISONES=

1383 2500 1512 2538 &VB

933 2703 1041 2763 DE
1078 2702 1289 2759 ARTE
1331 2693 1656 2760 PoFmCA
1702 2703 1948 2763 LIBER.

1283 2924 1593 2973 -Φ--

397 3138 693 3205 Humum
723 3137 907 3223 capiti
935 3136 1233 3203 cervicem
1260 3137 1454 3222 pictor
1484 3138 1766 3223 equinam

395 3225 443 3290 J
444 3245 673 3309 ungere
702 3225 754 3289 si
783 3224 952 3304 velit,
980 3230 1047 3287 et
1074 3221 1272 3288 varias
1299 3223 1588 3288 inducere
1618 3226 1850 3309 plumas

397 3309 688 3393 Undique
718 3309 946 3374 collatis
974 3308 1277 3389 membris,
1309 3315 1378 3373 ut
1405 3310 1664 3394 turpiter
1690 3318 1891 3378 atrum

397 3395 656 3461 Desinat
681 3396 746 3459 in
776 3395 999 3480 piscem
1027 3395 1243 3458 mulier
1270 3394 1531 3458 formosa
1563 3416 1843 3481 superne,

398 3478 754 3566 Spectatum
782 3479 1022 3545 admissi
1051 3479 1236 3543 risum
1266 3480 1546 3562 teneatis,
1574 3480 1800 3555 amici?

396 3565 668 3644 Credite,
699 3566 969 3643 Pisones,
999 3564 1096 3628 isti
1127 3565 1367 3629 tabulae
1402 3566 1532 3630 fore
1567 3566 1786 3631 librum

395 3650 770 3716 Persimilem
822 3652 1015 3735 cujus,
1047 3651 1213 3714 velut
1240 3652 1407 3734 aegri
1436 3652 1687 3731 somnia,
1714 3672 1907 3718 vanae

393 3737 732 3821 Fingentur
761 3736 1014 3820 species,
1041 3742 1112 3798 ut
1138 3756 1254 3799 nec
1283 3757 1391 3819 pes
1418 3756 1533 3799 nec
1558 3744 1743 3821 caput
1768 3739 1875 3803 uni

393 3822 717 3887 Reddatur
743 3822 990 3885 formae.
1081 3818 1419 3884 Pictoribus
1449 3827 1633 3904 atque
1663 3822 1857 3906 poetis

395 3907 702 3982 Quidlibet
732 3905 995 3969 audendi
1023 3926 1259 3988 semper
1286 3905 1403 3969 fuit
1431 3926 1627 3989 aequa
1738 3914 1944 3974 testas.

397 3992 635 4058 Scimus
689 3999 752 4056 et
779 3993 935 4055 hanc
967 3991 1201 4054 veniam
1230 3991 1606 4075 petimusque
1678 4013 1967 4080 amusque
1998 3994 2290 4077 vicissim3

398 4078 522 4143 Sed
552 4099 670 4141 non
699 4084 768 4140 ut
797 4075 1048 4160 placidis
1075 4077 1293 4140 coeant
1320 4076 1591 4156 immitia,
1620 4099 1739 4142 non
1768 4086 1839 4143 ut

397 4163 726 4248 Serpentes
756 4162 967 4229 avibus
994 4162 1398 4245 geminentur,
1429 4163 1683 4246 tigribus
1713 4165 1874 4248 agni.

393 4249 662 4334 Inceptis
692 4248 976 4332 gravibus
1007 4249 1358 4331 plerumque
1390 4256 1455 4312 et
1481 4269 1702 4333 magna
1729 4249 2011 4335 professis

393 4335 769 4419 Purpureus,
800 4335 923 4397 late
954 4333 1057 4415 qui
1086 4334 1423 4417 splendeat,
1454 4356 1612 4399 unus
1640 4343 1702 4399 et
1731 4338 1888 4401 alter

392 4420 681 4485 Assuitur
707 4439 964 4504 pannus,
994 4439 1131 4481 cum
1158 4420 1331 4483 lucus
1362 4427 1425 4482 et
1454 4441 1562 4484 ara
1588 4420 1821 4486 Dianae

392 4504 478 4570 Et
507 4505 880 4591 properantis
910 4524 1103 4586 aquae
1132 4525 1242 4589 per
1270 4526 1546 4569 amoenos
1576 4507 1832 4572 ambitus
1861 4527 2060 4592 agros,

392 4592 527 4655 Aut
551 4591 773 4654 flumen
803 4589 1081 4653 Rhenum
1135 4597 1243 4653 aut
1271 4591 1508 4674 pluvius
1537 4591 1895 4656 describitur
1923 4613 2143 4658 arcus:

396 4675 522 4742 Sed
549 4696 713 4739 nunc
741 4696 862 4739 non
890 4681 1024 4738 erat
1051 4674 1146 4739 his
1173 4675 1361 4740 locus.
1455 4675 1540 4739 Et
1565 4676 1818 4742 fortasse
1848 4699 2202 4763 cupressum

395 4760 528 4828 Scis
555 4761 836 4826 simulare
859 4781 876 4838 ;
922 4759 1067 4844 quid
1095 4760 1231 4839 hoc,
1261 4760 1312 4823 si
1340 4761 1550 4826 fractis
1580 4769 1789 4826 enatat
1816 4785 2029 4849 exspes

391 4846 666 4912 Navibus
718 4867 861 4911 aere
892 4845 1033 4910 dato
1063 4847 1167 4930 qui
1196 4845 1517 4930 pingitur?
1604 4848 1918 4998 Amphora
1944 4851 2145 4938 coepit

389 4931 677 4999 Instituit
725 4939 1006 4997 currente
1036 4939 1172 4997 rota
1199 4952 1308 4996 cur
1336 4953 1557 4998 urceus
1588 4934 1714 4998 exit

2404 4359 2465 4409 15
