2900 6042
470 1516 596 1583 280
1279 1531 1403 1579 aas
1444 1519 1735 1578 rofi-nox.

469 1687 533 1752 N
536 1710 613 1750 on
644 1686 836 1771 quivis
867 1687 1030 1749 videt
1059 1684 1443 1748 immodulata
1472 1689 1752 1768 poemata
1760 1682 1985 1783 jude13

474 1773 557 1837 Et
587 1773 730 1836 data
762 1772 1044 1835 Romanis
1074 1772 1250 1834 venia
1278 1780 1372 1834 est
1400 1772 1648 1855 indigna
1676 1769 1890 1853 poe‘tis.

472 1859 788 1923 Idcircone
822 1879 1006 1941 vager
1035 1858 1408 1940 scribamque
1439 1854 1742 1919 licenter?
1782 1877 1861 1919 an
1890 1872 2099 1918 omnes

472 1943 728 2007 Visuros
757 1953 1007 2026 peccata
1037 1955 1240 2026 putem
1271 1964 1425 2014 mea,
1438 1951 1603 2006 tutus
1634 1949 1698 2004 et
1723 1941 1883 2004 intra

476 2028 562 2113 Sp
566 2052 659 2092 em
692 2030 901 2092 veniae
931 2027 1194 2092 cautus?
1282 2027 1494 2093 Vitavi
1524 2027 1781 2111 denique
1813 2027 2072 2110 culpam,

472 2114 536 2177 N
539 2138 614 2178 on
647 2114 887 2178 laudem
915 2113 1126 2176 merui.
1215 2113 1346 2177 Vos
1375 2114 1739 2197 exemplaria
1768 2111 2008 2177 Graeca

474 2200 792 2263 Nocturna
820 2207 1056 2263 versate
1084 2220 1287 2277 manu,
1318 2206 1556 2263 versate
1586 2198 1823 2262 diurna.

472 2286 566 2350 At
595 2285 779 2349 vestri
809 2285 1013 2369 proavi
1044 2284 1350 2348 Plautinos
1381 2292 1445 2348 et
1472 2305 1749 2347 numeros
1779 2290 1843 2348 et

473 2370 829 2434 Laudavere
859 2372 1016 2433 sales
1067 2371 1310 2433 nimium
1340 2370 1640 2470 patienter
1667 2377 2031 2452 utrumque:

473 2455 575 2520 Ne
607 2456 802 2519 dicam
830 2457 1012 2519 stulte
1064 2456 1282 2531 mirati,
1312 2455 1364 2520 si
1393 2455 1571 2519 modo
1601 2475 1717 2537 ego
1746 2461 1811 2518 et
1838 2475 1945 2519 vos

477 2539 713 2605 Scimus
740 2541 1099 2605 inurbanum
1124 2540 1323 2624 lepido
1351 2561 1641 2625 seponere
1672 2539 1834 2603 dicto

473 2626 957 2711 Legitimumque
984 2647 1195 2691 sonum
1224 2626 1426 2727 digitis
1454 2626 1740 2690 callemus
1770 2632 1834 2689 et
1863 2641 2034 2688 aure.

465 2708 761 2797 Ignotum
790 2713 1062 2797 tragicae
1093 2733 1286 2811 genus
1314 2711 1617 2776 invenisse
1649 2708 1957 2774 Camenae

471 2796 716 2861 Dicitur
744 2804 808 2860 et
835 2798 1116 2881 plaustris
1147 2797 1375 2860 vexisse
1406 2801 1683 2880 poemata
1710 2795 1986 2878 Thespis,

476 2881 648 2955 Quae
681 2892 970 2946 canerent
999 2890 1370 2964 agerentque
1400 2881 1676 2965 peruncti
1705 2881 1971 2945 faecibus
2000 2900 2127 2946 ora.

474 2965 623 3031 Post
650 2968 809 3030 hunc
840 2988 1129 3050 personae
1159 2967 1472 3051 pallaeque
1503 2973 1774 3050 repertor
1800 2968 2087 3032 honestae

472 3052 819 3136 Aeschylus
848 3060 912 3115 et
939 3052 1184 3115 modicis
1213 3052 1491 3116 instravit
1519 3052 1749 3151 pulpita
1776 3052 1957 3136 tignis

473 3137 560 3201 Et
588 3137 792 3201 docuit
817 3158 1220 3221 magnumque
1250 3137 1411 3222 loqui
1439 3137 1668 3222 nitique
1699 3139 2009 3203 cothurno.

478 3220 787 3286 Successit
815 3234 989 3286 vetus
1016 3223 1110 3287 his
1138 3223 1461 3297 comoedia,
1471 3244 1589 3287 non
1618 3223 1746 3286 sine
1774 3225 1967 3288 multa

475 3306 713 3383 Laude;
739 3308 894 3372 sed
880 3331 943 3373 m
969 3309 1178 3372 vitium
1206 3309 1453 3372 libertas
1482 3309 1706 3372 excidit
1734 3317 1799 3372 et
1826 3311 1948 3372 vim

473 3390 735 3477 Dignam
765 3394 901 3476 lege
933 3394 1101 3477 regi:
1148 3394 1248 3457 lex
1277 3401 1373 3457 est
1396 3402 1652 3478 accepta
1704 3395 2040 3478 chorusque

473 3476 759 3578 Turpiter
786 3480 1035 3543 obticuit
1063 3479 1343 3543 sublato
1314 3501 1456 3562 Jure
1485 3479 1760 3544 nocendi.

432 3614 439 3623 .
474 3561 586 3626 Nil
614 3564 980 3627 intentatum
1010 3564 1199 3627 nostri
1229 3564 1463 3648 liquere
1494 3569 1735 3664 poetae,

475 3648 614 3711 Nec
644 3649 950 3712 minimum
980 3671 1254 3714 meruere
1285 3649 1472 3714 decus
1525 3650 1781 3733 vestigia
1809 3647 2050 3717 Graeca

474 3733 633 3797 Ausi
662 3733 942 3798 deserere
969 3744 1033 3798 et
1061 3735 1367 3800 celebrare
1398 3735 1725 3800 domestica
1752 3737 1937 3815 facta,

475 3819 597 3884 Vel
630 3821 735 3903 qui
763 3828 1107 3904 praetextas
1141 3822 1236 3884 vel
1266 3821 1371 3905 qui
1400 3821 1659 3885 docuere
1693 3827 1950 3920 togatas.

472 3905 611 3973 Nec
642 3906 864 3969 virtute
893 3907 1051 3971 foret
1080 3907 1331 3971 clarisve
1362 3908 1663 3992 potentius
1692 3907 1874 3972 armis

476 3991 672 4064 Quam
701 3993 909 4076 lingua
961 3992 1225 4071 Latium,
1254 3994 1306 4056 si
1333 4015 1451 4056 non
1482 3992 1812 4057 offenderet
1837 4013 2026 4057 unum

476 4076 789 4160 Quemque
822 4082 1137 4161 poetarum
1166 4079 1341 4142 limae
1370 4079 1540 4143 labor
1568 4086 1632 4142 et
1658 4100 1844 4143 mora.
1933 4078 2153 4159 Vos‚o

476 4162 802 4245 Pompilius
831 4164 1097 4247 sanguis,
1129 4184 1371 4227 carmen
1399 4163 1822 4264 reprehendite
1874 4164 2037 4248 quod
2064 4185 2188 4231 non

474 4247 677 4312 Multa
705 4247 832 4311 dies
862 4257 926 4311 et
954 4251 1142 4313 multa
1169 4250 1351 4312 litura
1379 4249 1667 4327 coercuit,
1697 4257 1881 4332 atque

438 4334 828 4398 Perfectum
856 4334 1058 4399 decies
1088 4357 1207 4398 non
1236 4335 1557 4417 castigavit
1583 4335 1662 4398 ad
1691 4356 1976 4418 unguem.

473 4419 796 4503 Ingenium
825 4420 1043 4484 misera
1077 4421 1221 4505 quia
1251 4421 1611 4485 fortunatius
1645 4427 1778 4483 arte

477 4506 690 4570 Credit.
719 4513 782 4569 et
811 4507 1076 4570 excludit
1104 4527 1279 4570 sanos
1309 4505 1602 4570 Helicone
1634 4509 1841 4591 poetas

475 4592 881 4671 Democritus,
910 4593 1068 4656 bona
1096 4614 1235 4677 pars
1264 4615 1383 4657 non
1413 4614 1647 4676 ungues
1678 4613 1898 4676 ponere
1932 4597 2127 4674 curat,

476 4677 618 4740 Non
648 4679 917 4756 barbam,
946 4687 1183 4743 secreta
1210 4680 1363 4778 petit
1389 4679 1544 4757 loca,
1573 4679 1789 4743 balnea
1817 4678 1988 4742 vitat.

477 4763 881 4827 Nanciscetur
910 4765 1068 4827 enim
1098 4766 1355 4849 pretium
1384 4786 1719 4848 nomenque
1750 4768 1991 4848 poetae,

480 4848 548 4913 Si
581 4850 767 4911 tribus
800 4850 1111 4935 Anticyris
1142 4857 1325 4934 caput
1357 4850 1682 4914 insanabile
1712 4871 2021 4934 nunquam

478 4934 727 4998 Tonsori
757 4934 964 4998 Licino
996 4936 1374 5001 commiserit.
1469 4934 1525 5001 Ο
1557 4957 1671 5020 ego
1699 4936 1930 5015 laevuS,

477 5019 596 5096 Qui
628 5042 851 5104 purgor
878 5021 1055 5084 bilem
1084 5021 1197 5086 sub
1226 5022 1394 5087 verni
1423 5021 1982 5107 temporis-horam!

2454 2305 2551 2354 270
