2900 6042
961 1502 1106 1548 Lm.-
1139 1501 1244 1547 111.
1294 1501 1490 1547 cARM.
1539 1501 1651 1548 XV.

612 1657 811 1723 Unico
839 1656 1112 1741 gaudens
1140 1655 1357 1718 mulier
1383 1656 1597 1719 marito

607 1743 874 1807 Prodeat
915 1743 1096 1826 justis
1125 1749 1373 1825 operata
1408 1742 1619 1823 sacris,

611 1828 695 1892 Et
723 1849 888 1892 soror
917 1829 1062 1891 clari
1092 1827 1261 1890 ducis
1314 1836 1376 1890 et
1406 1828 1660 1892 decorae

954 1913 1249 2013 Supplice·
1270 1914 1419 1976 vitta

606 1997 927 2082 Virginum
957 2007 1179 2062 matres
1219 1999 1634 2082 juvenumque
1663 2019 1858 2082 nuper

612 2083 937 2183 Sospitum.
1030 2084 1179 2163 VoS,
1211 2105 1245 2146 o
1279 2085 1448 2166 pueri
1479 2093 1543 2147 et
1572 2085 1807 2167 puellae

610 2170 655 2234 J
658 2192 754 2234 am
784 2170 977 2234 virum
1007 2179 1316 2252 expertae,
1347 2171 1501 2233 male
1533 2170 1805 2234 ominatis

950 2255 1192 2319 Parcite
1224 2255 1439 2318 verbis.
1684 2285 1689 2290 ·

610 2339 734 2404 Hic
765 2341 894 2404 dies
923 2362 1065 2405 vere
1095 2341 1240 2403 mihi
1267 2341 1457 2404 festus
1486 2346 1650 2404 atras

606 2425 850 2489 Eximet
878 2445 1091 2503 curas3
1145 2447 1257 2508 ego
1286 2447 1397 2489 nec
1426 2426 1749 2489 tumultum

608 2511 745 2576 Nec
773 2510 924 2574 mori
995 2531 1063 2573 er
1091 2511 1211 2573 vim
1238 2519 1503 2574 metuam
1555 2517 1801 2574 tenente

1007 2616 1213 2659 aesare
1243 2601 1457 2658 terras,

610 2679 649 2744 Ι
700 2686 839 2765 pete
868 2701 952 2742 un
1039 2687 1266 2759 entnm,
1294 2701 1467 2763 puer,
1497 2687 1561 2743 et
1589 2700 1837 2746 coronas

605 2765 692 2830 Et
722 2766 938 2830 cadum
1040 2766 1160 2829 arsi
1187 2786 1512 2828 memorem
1539 2766 1746 2846 duelli,

612 2849 971 2937 Spartacum
1000 2851 1052 2914 si
1080 2871 1202 2934 qua
1224 2851 1420 2934 potuit
1446 2858 1772 2936 vagantem

946 2935 1183 3000 Fallere
1214 2942 1393 3000 testa.

607 3019 725 3087 Dic
756 3028 821 3086 et
847 3028 1099 3105 argutae
1130 3028 1412 3106 properet
1437 3020 1721 3085 Neaerae

608 3073 967 3172 Murrheum
996 3106 1151 3171 nodo
1181 3107 1456 3171 cohibere
1487 3107 1757 3185 crinem;

614 3191 685 3258 Si
710 3214 821 3279 per
840 3193 1097 3256 invisum
1123 3213 1291 3256 mora
1307 3193 1632 3277 janitorem

953 3278 1113 3358 Fiet,
1144 3279 1324 3342 abito.

608 3361 790 3427 Lonit
818 3364 1127 3427 albescens
1156 3365 1380 3427 animos
1403 3362 1657 3448 capillus

611 3448 836 3513 Litium
858 3457 928 3525 ,et
955 3450 1119 3513 rixae
1149 3450 1396 3534 cupidos
1425 3457 1786 3532 protervae3

610 3534 755 3599 Non
782 3556 896 3620 ego
923 3535 1035 3598 hoc
1064 3535 1286 3597 ferrem
1340 3535 1571 3599 calidus
1589 3536 1849 3620 juventa

951 3619 1209 3685 Consule
1238 3619 1488 3684 Planco.

949 4045 1416 4113 GARMEN
1472 4047 1650 4116 XV.

695 4389 892 4455 UXOR
919 4392 1199 4475 pauperis
1229 4391 1425 4476 Ibyci,

612 4475 882 4540 Tandem
910 4478 1213 4560 nequitiae
1245 4479 1363 4560 fige
1394 4477 1639 4542 modum
1666 4483 1810 4542 tuae

694 4562 748 4625 F
750 4582 1080 4645 amosisque
1110 4564 1453 4625 laboribus:

609 4646 857 4712 Maturo
886 4647 1124 4730 propior
1153 4647 1357 4709 desine
1387 4646 1588 4710 funeri

696 4731 871 4796 Inter
899 4732 1108 4794 ludere
1138 4733 1402 4814 virgines

610 4816 699 4883 Et
725 4818 913 4882 stellis
943 4817 1222 4880 nebulam
1252 4836 1537 4899 spargere
1569 4815 1859 4882 candidis.

694 4902 760 4967 N
761 4925 838 4966 on
889 4903 940 4966 si
969 4903 1113 4986 quid
1143 4903 1414 4965 Pholoe'n
1443 4903 1591 4965 satis

610 4985 700 5053 Et
724 4995 812 5070 te,
843 4988 1068 5069 Chlori,
1099 4988 1319 5052 decet:
1364 4987 1489 5052 filia
1518 4986 1741 5051 rectius

2280 2069 2415 2152 ια’

2280 2525 2341 2576 15
