2900 6042
1202 1421 1330 1468 mn.
1376 1421 1422 1469 1.
1469 1421 1604 1471 sn.
1648 1422 1717 1470 x.
1939 1447 1946 1454 -
2376 1410 2504 1475 149

412 1574 668 1658 Oppono
696 1573 1048 1640 auriculam.
1139 1575 1328 1661 Rapit
1355 1576 1419 1641 in
1437 1577 1583 1663 jus;
1631 1579 1858 1642 clamor
1884 1580 2169 1666 utrinque
2196 1600 2214 1659 ;

412 1660 699 1748 Undique
731 1683 1078 1726 concursus.
1176 1661 1279 1727 Sic
1309 1685 1407 1729 me
1443 1665 1712 1730 servavit
1739 1666 1981 1752 Apollo.

1173 2073 1555 2172 SA'TIRA
1628 2106 1734 2173 x.

405 2277 644 2343 Nsm’n·
673 2279 1063 2365 incomposito
1093 2279 1217 2343 dixi
1245 2280 1400 2363 pede
1432 2302 1681 2346 currere
1714 2302 1923 2347 versus

403 2364 619 2429 Lucili.
712 2365 863 2440 Quis
894 2375 1017 2430 tam
1047 2366 1242 2430 Lucili
1272 2367 1475 2430 fautor
1503 2368 1707 2451 inepte
1739 2377 1833 2431 est

403 2452 494 2516 Ut
522 2475 641 2515 non
669 2453 783 2517 hoc
812 2451 1132 2517 fateatur?
1222 2453 1314 2525 At
1340 2453 1503 2516 idem
1533 2454 1692 2537 quod
1724 2456 1847 2520 sale
1864 2456 2066 2520 -multo

403 2538 636 2602 Urbem
668 2539 954 2603 defricuit
983 2539 1196 2602 charta
1225 2538 1511 2603 laudatur
1539 2539 1774 2603 eadem.

402 2625 539 2689 Nec
571 2632 774 2689 tamen
804 2627 916 2689 hoc
950 2625 1218 2688 tribuens
1249 2624 1522 2688 dederim
1551 2646 1789 2710 quoque
1821 2633 2068 2705 cetera3
2112 2647 2253 2692 nam
2282 2627 2371 2695 sio
2464 2649 2499 2699 5

402 2710 489 2774 Et
518 2710 740 2775 Laberi
770 2713 978 2776 mimos
1008 2719 1077 2774 ut
1106 2711 1360 2795 pulchra
1391 2714 1673 2795 polimata
1700 2713 1905 2778 mirer.

404 2797 570 2880 Ergo
599 2820 720 2862 non
749 2799 896 2862 satis
927 2804 1021 2862 est
1050 2799 1174 2861 risu
1202 2797 1492 2861 diducere
1523 2799 1742 2863 rictum

401 2884 719 2948 Auditoris
755 2886 858 2968 (et
887 2892 980 2948 est
1009 2884 1308 2969 quaedam
1341 2891 1544 2948 tamen
1574 2884 1671 2948 hic
1703 2907 1943 2971 quoque
1976 2886 2225 2970 virtus).

400 2970 518 3034 Est
545 2971 840 3035 brevitate
872 2993 1043 3055 opuS,
1073 2978 1143 3034 ut
1173 2979 1382 3035 currat
1409 2972 1713 3035 sententia
1742 2994 1863 3036 neu
1893 2994 1960 3039 se

397 3054 702 3141 Impediat
731 3059 928 3122 verbis
958 3059 1146 3121 lassas
1175 3058 1563 3122 onerantibus
1593 3079 1809 3135 aures;
2433 3079 2497 3133 ιο

401 3141 483 3206 Et
512 3165 783 3209 sermone
813 3166 964 3229 opus
995 3154 1089 3208 est
1117 3145 1293 3208 modo
1324 3144 1481 3207 tristi
1511 3166 1693 3229 saepe
1714 3146 1946 3230 jocOSO,

396 3227 783 3295 Defendente
818 3233 1012 3294 vicem
1041 3231 1216 3295 modo
1246 3231 1504 3294 rhetoris
1535 3249 1717 3316 atque
1749 3237 1989 3316 poetae,

396 3314 713 3380 Interdum
743 3318 979 3397 urbani,
1013 3317 1315 3401 parcentis
1347 3318 1570 3382 viribus
1602 3327 1785 3403 atque

396 3402 798 3468 Extenuantis
829 3427 933 3468 eas
964 3405 1257 3468 consulto.
1350 3404 1695 3468 Ridiculum
1728 3404 1853 3468 acri

395 3487 636 3554 Fortius
667 3498 731 3554 et
758 3493 970 3554 melius
999 3511 1252 3574 magnas
1283 3491 1637 3575 plerumque
1669 3499 1839 3554 secat
1866 3512 1983 3555 ree.
2430 3510 2495 3562 15

395 3574 496 3639 Illi
524 3578 754 3662 scripta
783 3579 1000 3662 quibus
1031 3576 1340 3642 comoedia
1370 3578 1571 3660 prisca
1602 3577 1744 3641 viris
1776 3585 1871 3641 cst

395 3662 534 3727 Hoc
566 3664 829 3744 stabant,
859 3666 971 3728 hoc
995 3671 1139 3727 sunt
1168 3664 1439 3726 imitandi
1470 3683 1487 3739 ;
1531 3685 1681 3747 quos
1711 3684 1909 3746 neque
1940 3663 2196 3748 pulcher

395 3749 817 3833 Hermogenes
847 3772 1112 3834 unquam
1141 3750 1293 3832 legit
1320 3747 1530 3832 neque'
1551 3749 1756 3829 simius
1787 3751 1901 3814 iste

396 3834 502 3899 Nil
536 3845 778 3919 praeter
811 3836 1065 3901 Calvum
1096 3843 1161 3898 et
1192 3836 1406 3898 doctus
1436 3844 1684 3899 cantare
1717 3834 2044 3900 Catullum.

393 3925 436 3959 “
458 3922 551 3985 At
579 3943 865 4006 magnum
894 3923 1041 3986 fecit
1071 3921 1231 4005 quod
1263 3921 1462 3986 verbis
1493 3921 1736 3986 Graeca
1764 3922 1998 3988 Latinis
2347 3950 2353 3956 ’
2427 3938 2492 3990 2⁰

393 4007 708 4072 Miscuit.”
803 4007 858 4073 Ο
890 4009 1011 4072 seri
1040 4008 1375 4072 studiorum
1402 4007 1416 4073 1
1466 4009 1648 4092 quine
1681 4009 1906 4092 putetis

394 4095 650 4160 Difficile
683 4101 748 4158 et
775 4100 991 4159 mirum
1023 4095 1260 4159 Rhodio
1289 4095 1450 4178 quod
1482 4095 1848 4159 Pitholeonti
1997 4162 2004 4169 ,

396 4180 718 4265 Contigit?
808 4189 848 4220 ‘⁴
873 4185 965 4246 At
993 4203 1189 4246 sermo
1218 4182 1427 4264 lingua
1457 4182 1783 4246 concinnus
1811 4188 2072 4265 utraque

397 4267 675 4348 Suavior‚
706 4278 777 4332 ut
806 4267 958 4333 Chio
986 4276 1132 4333 nota
1159 4269 1210 4332 si
1240 4269 1562 4333 commixta
1590 4268 1835 4332 Falerni
1865 4268 2027 4333 est.''

394 4353 549 4419 Cum
579 4376 790 4419 versus
820 4356 1028 4433 faciaS,
1062 4362 1122 4419 te
1153 4356 1349 4438 ipsum
1380 4365 1723 4438 percontor,
1754 4376 1833 4418 an
1864 4363 1929 4420 et
1957 4375 2097 4419 cum
2343 4372 2350 4379 ·
2424 4366 2491 4417 25

392 4441 567 4505 Dura
595 4442 702 4505 tibi
736 4443 1086 4526 peragenda
1114 4443 1203 4505 roi
1233 4442 1312 4503 sit
1341 4462 1528 4504 causa
1556 4439 1809 4504 Petilli?

395 4526 645 4592 Scilicet
675 4530 894 4593 oblitus
927 4529 1278 4612 patriaeque
1310 4528 1645 4610 patrisque,
1677 4526 1895 4591 Latine

393 4613 547 4679 Cum
578 4615 806 4680 Pedius
838 4636 1052 4678 causas
1083 4613 1340 4677 exsudet
1369 4612 1679 4696 Poplicola
1712 4619 1897 4698 atque

393 4699 712 4776 Corvinus,
743 4702 954 4786 patriis
981 4700 1394 4765 intermiscere
1425 4700 1618 4783 petita

390 4787 603 4853 Verba
630 4789 775 4852 foris
803 4789 998 4864 malis,
1031 4785 1319 4851 Canusini
1349 4807 1515 4850 more
1540 4782 1881 4869 bilinguis?
2424 4805 2490 4856 ³0

389 4873 602 4960 Atque
633 4895 748 4958 ego
777 4895 916 4939 cum
947 4873 1217 4951 Graecos
1248 4874 1512 4937 facerem
1541 4879 1721 4936 natus
1750 4891 1916 4935 mare
1947 4868 2103 4934 citra
2408 4889 2416 4896 ·

390 4961 769 5043 Versiculos,
796 4961 993 5026 vetuit
1020 4981 1117 5025 me
1141 4961 1255 5110 &tali
1285 4981 1432 5024 voce
1454 4957 1776 5039 Quirinus,
