2900 6042
370 1283 453 1350 46
1233 1297 1581 1345 mmmm

799 1449 982 1515 Ocior
1011 1447 1205 1514 cervis
1257 1457 1322 1512 et
1349 1459 1569 1530 agente
1602 1450 1829 1514 nimbos

1143 1532 1325 1597 Ocior
1357 1533 1541 1597 Euro.

794 1620 1022 1685 Laetus
1050 1619 1113 1683 in
1141 1639 1426 1703 praesens
1457 1620 1689 1683 animus
1742 1619 1904 1704 quod
1937 1621 2098 1685 ultra
2133 1627 2228 1684 est
2383 1641 2449 1690 ω

799 1706 1016 1770 Oderit
1044 1725 1259 1769 curare
1312 1712 1377 1768 et
1404 1725 1610 1768 amara
1637 1705 1799 1769 lento

796 1792 1120 1877 Temperet
1147 1790 1272 1853 risu
1301 1807 1320 1865 ;
1403 1790 1554 1854 nihil
1583 1797 1678 1854 est
1706 1792 1781 1855 ab
1811 1791 1971 1854 omni

1135 1874 1322 1939 Parte
1349 1876 1617 1940 beatum.

795 1961 1070 2025 Abstulit
1098 1961 1327 2024 clarum
1357 1962 1480 2025 cita
1507 1982 1666 2026 mors
1699 1960 2019 2043 Achillem,

795 2047 1008 2130 Longa
1034 2047 1354 2110 Tithonum
1383 2048 1599 2110 minuit
1625 2053 1925 2126 senectus,
2382 2065 2447 2116 30

796 2133 882 2197 Et
909 2132 1053 2196 mihi
1079 2133 1282 2196 forsan
1333 2133 1440 2196 tibi
1470 2131 1631 2215 quod
1658 2133 1921 2217 negarit,

1139 2218 1420 2302 Porriget
1471 2216 1639 2282 hora.

797 2303 885 2368 Te
917 2324 1134 2388 greges
1162 2311 1402 2367 centum
1435 2301 1796 2387 Siculaeque
1826 2302 2055 2367 circum

792 2389 1082 2473 Mugiunt
1111 2410 1354 2470 vaccae,
1386 2389 1493 2453 tibi
1523 2390 1678 2453 tollit
1703 2389 2000 2452 hinnitum

794 2473 965 2561 Apta
993 2474 1301 2560 quadrigis
1332 2496 1510 2559 equa,
1541 2483 1603 2539 te
1632 2475 1724 2540 bis
1752 2473 1910 2539 Afro
2379 2489 2446 2540 35

1137 2561 1374 2624 Murice
1405 2562 1629 2625 tinctae

793 2645 1085 2709 Vestiunt
1111 2645 1284 2709 lanae
1311 2666 1328 2708 ε
1371 2646 1517 2708 mihi
1546 2665 1735 2728 parva
1761 2665 1908 2710 rura
1958 2650 2025 2709 et

793 2729 1082 2812 Spiritum
1113 2728 1334 2793 Graiae
1365 2736 1610 2793 tenuem
1640 2729 1943 2793 Camenae

792 2814 991 2878 Parca
1017 2835 1136 2877 non
1164 2814 1423 2877 mendax
1451 2813 1621 2877 dedit
1671 2820 1736 2876 et
1762 2814 2091 2899 malignum

1139 2895 1441 2982 Spernere
1471 2899 1707 2984 volgus.
2378 2918 2445 2970 40

996 3324 1455 3392 GARMEN
1511 3324 1798 3392 XVII.

707 3670 848 3736 Cim
874 3691 971 3734 me
1000 3671 1262 3754 querelis
1292 3670 1597 3735 exanimas
1629 3669 1747 3736 tuis
1771 3667 1800 3734 ἲ

701 3757 839 3821 Nec
870 3756 964 3819 dis
991 3757 1248 3820 amicum
1278 3764 1373 3821 est
1421 3777 1538 3820 nec
1567 3757 1711 3821 mihi
1760 3762 1824 3820 te
1851 3753 2021 3840 prius

796 3840 1002 3920 Obire,
1031 3841 1380 3921 Maecenas,
1408 3862 1680 3905 mearum

877 3923 1124 3989 Grande
1154 3926 1339 3989 decus
1369 3927 1761 4008 columenque
1789 3946 2014 3989 rerum.

703 4009 812 4074 Ah
850 4019 914 4074 te
958 4029 1131 4072 meae
1177 4009 1229 4073 si
1263 4018 1499 4092 partem
1528 4010 1761 4073 animae
1790 4010 1951 4095 rapit
2408 4040 2444 4082 t,

703 4093 1003 4158 Maturior
1029 4095 1142 4172 vis,
1171 4093 1316 4177 quid
1344 4114 1545 4157 moror
1573 4095 1785 4171 altera,

792 4179 857 4244 N
859 4199 930 4242 ec
961 4198 1136 4241 carus
1166 4199 1358 4261 aeque
1412 4199 1525 4242 nec
1555 4187 1862 4263 superstes

876 4261 1179 4346 Integer?
1239 4263 1354 4327 Ille
1383 4263 1514 4328 dies
1541 4258 1861 4350 utramque

704 4351 910 4416 Ducet
935 4349 1186 4412 ruinam.
1276 4349 1341 4414 N
1343 4372 1419 4414 on
1449 4371 1564 4435 ego
1592 4351 1890 4436 perfidum

703 4437 847 4503 Dixi
876 4443 1351 4500 sacramentum:
1399 4437 1637 4518 ibimus,
1666 4438 1881 4502 ibimus
2379 4456 2443 4507 10

788 4522 1117 4606 Utcunque
1149 4522 1498 4607 praecedes,
1527 4544 1872 4607 supremum

877 4609 999 4673 Car
1041 4630 1142 4672 ere
1171 4611 1290 4672 iter
1317 4608 1564 4672 comites
1594 4608 1807 4691 parati.

705 4691 813 4755 Me
841 4715 953 4757 nec
1038 4695 1341 4771 himaerae
1369 4694 1612 4778 spiritus
1639 4693 1853 4776 igneae

706 4776 867 4858 Nec,
896 4779 947 4842 si
975 4786 1275 4865 resurgat,
1306 4780 1678 4843 centimanus
1710 4775 1880 4864 Gyas
