2900 6042
946 1551 1075 1596 ΠΒ.
1122 1549 1227 1597 111.
1276 1549 1473 1595 cARM.
1521 1549 1615 1596 IV.

580 1702 936 1787 Quicunque
967 1702 1189 1767 mundo
1217 1703 1509 1767 terminus
1537 1702 1768 1767 obstitit

576 1788 762 1854 Hunc
793 1796 1004 1873 tangat
1033 1790 1236 1868 armiS‚
1268 1789 1461 1852 visere
1492 1789 1759 1872 gestiens

666 1874 804 1950 Qua
833 1883 1004 1959 parte
1036 1876 1485 1938 debacchentur
1512 1876 1707 1958 ignee,

750 1958 888 2035 Qua
913 1962 1167 2024 nebulae
1198 1961 1501 2044 pluviique
1534 1980 1719 2024 rores.

582 2044 707 2110 Sed
734 2046 1029 2110 bellicosis
1058 2047 1184 2110 fata
1213 2046 1542 2119 Quiritibus

580 2131 720 2197 Hac
749 2132 884 2214 lege
916 2131 1071 2210 dico,
1100 2153 1178 2195 ne
1207 2132 1455 2195 nimium
1483 2132 1566 2216 pii

659 2217 985 2300 Rebusque
1014 2218 1268 2281 fidentes
1299 2218 1496 2280 avitae

745 2301 935 2366 Tecta
963 2304 1150 2367 velint
1178 2323 1460 2385 reparare
1484 2301 1720 2368 Troiae.

576 2386 791 2452 Troiae
821 2409 1142 2452 renascens
1171 2389 1312 2451 alite
1342 2388 1584 2470 lugubri

569 2472 839 2537 Fortuna
867 2474 1024 2537 tristi
1056 2474 1226 2538 clade
1255 2474 1594 2552 iterabitur,

656 2557 935 2621 Ducente
968 2559 1245 2623 victrices
1275 2565 1550 2623 catervas

745 2641 1016 2728 Conjuge
1049 2666 1145 2707 me
1174 2644 1219 2709 J
1222 2645 1347 2708 ovis
1376 2650 1441 2706 et
1468 2664 1692 2708 sorore.

571 2726 693 2791 Ter
721 2728 772 2792 si
803 2736 1081 2812 resurgat
1108 2750 1314 2793 murus
1381 2731 1609 2793 aeneus

562 2812 837 2878 Auctore
868 2813 1111 2878 Phoebo
1161 2821 1259 2878 ter
1285 2821 1498 2898 pereat
1521 2812 1689 2879 meis'

652 2897 911 2963 Excisus
937 2899 1208 2983 Argivis,
1240 2906 1336 2963 ter
1363 2921 1514 2962 uxor

741 2983 940 3068 Capta
965 2984 1159 3048 virum
1187 3005 1524 3069 puerosque
1553 2985 1767 3068 ploret.

565 3066 711 3132 Non
759 3069 873 3135 hoc
908 3070 1152 3155 jocosae
1181 3071 1527 3134 conveniant
1553 3074 1764 3158 lyrae:

565 3153 723 3233 Quo,
751 3152 955 3236 Musa,
986 3155 1235 3220 tendis?
1321 3156 1551 3221 Desine
1582 3156 1866 3240 pervicax

647 3239 905 3304 Referre
935 3262 1237 3306 sermones
1267 3241 1516 3305 deorum
1544 3248 1610 3304 et

733 3324 966 3411 Magna
986 3327 1176 3392 modis
1203 3335 1455 3392 tenuare
1484 3327 1707 3414 parvis.

922 3751 1390 3819 OARMEN
1436 3751 1593 3821 IV.

556 4094 909 4160 Dnscmmn
939 4094 1106 4158 caelo
1160 4101 1224 4158 et
1256 4094 1351 4158 dic
1383 4115 1498 4179 age
1529 4095 1676 4160 tibia

553 4181 793 4331 Regis?
819 4182 1063 4264 longum
1094 4180 1359 4264 Calliope
1388 4182 1597 4259 melos,

799 4287 944 4330 voce
974 4287 1135 4329 nunc
1166 4266 1355 4330 mavis
1384 4273 1586 4345 acuta,

736 4350 860 4415 Seu
888 4352 1104 4415 fidibus
1134 4352 1483 4435 citharaque
1514 4309 1768 4417 Phoebiss
1892 4333 1897 4337 ”

549 4436 820 4516 Auditis,
851 4459 928 4501 an
959 4459 1053 4500 me
1082 4438 1237 4511 ludit
1266 4439 1533 4521 amabilis

554 4520 850 4586 Insania?
936 4522 1170 4586 Audire
1202 4529 1266 4586 et
1294 4523 1502 4586 videor
1530 4525 1658 4608 pios

639 4607 863 4670 Errare
892 4628 1007 4690 per
1030 4608 1196 4670 lucos
1250 4628 1535 4671 amoenae

723 4690 888 4766 Quos
917 4699 981 4754 et
1009 4712 1201 4774 aquae
1231 4693 1491 4755 subeunt
1518 4699 1582 4756 et
1610 4712 1814 4756 aurae.

551 4775 659 4841 Me
687 4778 988 4842 fabulosae
1018 4777 1276 4840 Vulture
1307 4778 1369 4839 in
1398 4778 1602 4862 Apulo

548 4862 804 4929 Altricis
834 4870 1006 4927 extra
1032 4863 1215 4925 limen
1245 4862 1507 4947 Apuliae

639 4947 813 5014 Ludo
841 4949 1277 5031 fatigatumque
1309 4969 1513 5012 somno

720 5033 958 5099 Fronde
987 5054 1144 5098 nova
1171 5055 1423 5118 puerum
1458 5033 1766 5120 palumbes

2234 1531 2317 1597 55

2222 4886 2285 4938 10
