<?xml version="1.0" encoding="UTF-8"?>
<!DOCTYPE html PUBLIC "-//W3C//DTD XHTML 1.0 Transitional//EN"
    "http://www.w3.org/TR/xhtml1/DTD/xhtml1-transitional.dtd">
<html xmlns="http://www.w3.org/1999/xhtml" xml:lang="en" lang="en">
 <head>
  <title>
</title>
<meta http-equiv="Content-Type" content="text/html;charset=utf-8" />
  <meta name='ocr-system' content='tesseract 3.04.00' />
  <meta name='ocr-capabilities' content='ocr_page ocr_carea ocr_par ocr_line ocrx_word'/>
</head>
<body>
  <div class='ocr_page' id='page_1' title='image "./workshoracewith00beckgoog/workshoracewith00beckgoog_0080.png"; bbox 0 0 2900 6042; ppageno 0'>
   <div class='ocr_carea' id='block_1_1' title="bbox 238 594 2556 1224">
    <p class='ocr_par' dir='ltr' id='par_1_1' title="bbox 238 594 2556 1224">
     <span class='ocr_line' id='line_1_1' title="bbox 238 594 2556 1224; baseline 0 4818"><span class='ocrx_word' id='word_1_1' title='bbox 238 594 2556 1224; x_wconf 95' lang='lat' dir='ltr'><strong> </strong></span> 
     </span>
    </p>
   </div>
   <div class='ocr_carea' id='block_1_2' title="bbox 1061 1593 1708 1642">
    <p class='ocr_par' dir='ltr' id='par_1_2' title="bbox 1061 1593 1708 1642">
     <span class='ocr_line' id='line_1_2' title="bbox 1061 1593 1708 1642; baseline -0.002 -1"><span class='ocrx_word' id='word_1_2' title='bbox 1061 1594 1192 1641; x_wconf 75' lang='lat' dir='ltr'><strong>mn.</strong></span> <span class='ocrx_word' id='word_1_3' title='bbox 1240 1594 1346 1642; x_wconf 89' lang='lat'>111.</span> <span class='ocrx_word' id='word_1_4' title='bbox 1395 1593 1593 1642; x_wconf 74' lang='lat' dir='ltr'><strong>cAma.</strong></span> <span class='ocrx_word' id='word_1_5' title='bbox 1641 1594 1708 1640; x_wconf 79' lang='lat' dir='ltr'><strong>X.</strong></span> 
     </span>
    </p>
   </div>
   <div class='ocr_carea' id='block_1_3' title="bbox 671 1743 2023 2853">
    <p class='ocr_par' dir='ltr' id='par_1_3' title="bbox 688 1743 2023 2088">
     <span class='ocr_line' id='line_1_3' title="bbox 761 1743 1754 1832; baseline 0.002 -22"><span class='ocrx_word' id='word_1_6' title='bbox 761 1743 869 1811; x_wconf 88' lang='lat' dir='ltr'><strong>Me</strong></span> <span class='ocrx_word' id='word_1_7' title='bbox 898 1766 1057 1810; x_wconf 89' lang='lat' dir='ltr'><strong>nunc</strong></span> <span class='ocrx_word' id='word_1_8' title='bbox 1087 1747 1348 1810; x_wconf 79' lang='lat' dir='ltr'><strong>Thressa</strong></span> <span class='ocrx_word' id='word_1_9' title='bbox 1379 1745 1566 1810; x_wconf 75' lang='lat' dir='ltr'><strong>Chloe‘</strong></span> <span class='ocrx_word' id='word_1_10' title='bbox 1594 1748 1754 1832; x_wconf 88' lang='lat' dir='ltr'><strong>regit</strong></span> 
     </span>
     <span class='ocr_line' id='line_1_4' title="bbox 689 1830 2023 1916; baseline 0.001 -19"><span class='ocrx_word' id='word_1_11' title='bbox 689 1830 917 1897; x_wconf 89' lang='lat' dir='ltr'><strong>Dulces</strong></span> <span class='ocrx_word' id='word_1_12' title='bbox 948 1832 1127 1896; x_wconf 87' lang='lat' dir='ltr'><strong>docta</strong></span> <span class='ocrx_word' id='word_1_13' title='bbox 1154 1833 1359 1897; x_wconf 88' lang='lat' dir='ltr'><strong>modos</strong></span> <span class='ocrx_word' id='word_1_14' title='bbox 1413 1840 1478 1895; x_wconf 90' lang='lat' dir='ltr'><strong>et</strong></span> <span class='ocrx_word' id='word_1_15' title='bbox 1508 1834 1773 1898; x_wconf 80' lang='lat' dir='ltr'><strong>citharae</strong></span> <span class='ocrx_word' id='word_1_16' title='bbox 1803 1834 2023 1916; x_wconf 87' lang='lat' dir='ltr'><strong>sciens,</strong></span> 
     </span>
     <span class='ocr_line' id='line_1_5' title="bbox 688 1918 1662 2001; baseline 0.002 -21"><span class='ocrx_word' id='word_1_17' title='bbox 688 1966 697 1973; x_wconf 90' lang='lat'>.</span> <span class='ocrx_word' id='word_1_18' title='bbox 775 1918 897 1980; x_wconf 90' lang='lat' dir='ltr'><strong>Pro</strong></span> <span class='ocrx_word' id='word_1_19' title='bbox 927 1938 1048 2001; x_wconf 91' lang='lat' dir='ltr'><strong>qua</strong></span> <span class='ocrx_word' id='word_1_20' title='bbox 1075 1939 1193 1980; x_wconf 90' lang='lat' dir='ltr'><strong>non</strong></span> <span class='ocrx_word' id='word_1_21' title='bbox 1220 1926 1486 1981; x_wconf 86' lang='lat' dir='ltr'><strong>metuam</strong></span> <span class='ocrx_word' id='word_1_22' title='bbox 1513 1920 1662 1982; x_wconf 87' lang='lat' dir='ltr'><strong>mori</strong></span> 
     </span>
     <span class='ocr_line' id='line_1_6' title="bbox 691 2000 1810 2088; baseline 0.003 -22"><span class='ocrx_word' id='word_1_23' title='bbox 691 2000 758 2066; x_wconf 81' lang='lat' dir='ltr'><strong>Si</strong></span> <span class='ocrx_word' id='word_1_24' title='bbox 785 2009 1039 2085; x_wconf 75' lang='lat' dir='ltr'>parcent</span> <span class='ocrx_word' id='word_1_25' title='bbox 1066 2005 1297 2067; x_wconf 88' lang='lat' dir='ltr'><strong>animae</strong></span> <span class='ocrx_word' id='word_1_26' title='bbox 1327 2003 1457 2066; x_wconf 85' lang='lat' dir='ltr'><strong>fata</strong></span> <span class='ocrx_word' id='word_1_27' title='bbox 1483 2005 1810 2088; x_wconf 76' lang='lat' dir='ltr'><strong>superstiti.</strong></span> 
     </span>
    </p>

    <p class='ocr_par' dir='ltr' id='par_1_4' title="bbox 671 2087 1615 2258">
     <span class='ocr_line' id='line_1_7' title="bbox 759 2087 1485 2152; baseline 0.003 -2"><span class='ocrx_word' id='word_1_28' title='bbox 759 2087 866 2150; x_wconf 92' lang='lat' dir='ltr'><strong>Me</strong></span> <span class='ocrx_word' id='word_1_29' title='bbox 899 2095 1088 2152; x_wconf 87' lang='lat' dir='ltr'><strong>torret</strong></span> <span class='ocrx_word' id='word_1_30' title='bbox 1113 2089 1246 2152; x_wconf 86' lang='lat' dir='ltr'><strong>face</strong></span> <span class='ocrx_word' id='word_1_31' title='bbox 1277 2096 1485 2152; x_wconf 86' lang='lat' dir='ltr'><strong>mutua</strong></span> 
     </span>
     <span class='ocr_line' id='line_1_8' title="bbox 671 2171 1615 2258; baseline 0.001 -21"><span class='ocrx_word' id='word_1_32' title='bbox 671 2171 920 2237; x_wconf 80' lang='lat' dir='ltr'>Thurini</span> <span class='ocrx_word' id='word_1_33' title='bbox 952 2173 1151 2238; x_wconf 79' lang='lat' dir='ltr'>Calais</span> <span class='ocrx_word' id='word_1_34' title='bbox 1179 2174 1336 2237; x_wconf 89' lang='lat' dir='ltr'><strong>filius</strong></span> <span class='ocrx_word' id='word_1_35' title='bbox 1370 2172 1615 2258; x_wconf 83' lang='lat' dir='ltr'><strong>Ornyti,</strong></span> 
     </span>
    </p>

    <p class='ocr_par' dir='ltr' id='par_1_5' title="bbox 688 2257 1766 2428">
     <span class='ocr_line' id='line_1_9' title="bbox 769 2257 1562 2343; baseline 0.003 -22"><span class='ocrx_word' id='word_1_36' title='bbox 769 2257 891 2322; x_wconf 91' lang='lat' dir='ltr'><strong>Pro</strong></span> <span class='ocrx_word' id='word_1_37' title='bbox 921 2280 1039 2342; x_wconf 92' lang='lat' dir='ltr'><strong>quo</strong></span> <span class='ocrx_word' id='word_1_38' title='bbox 1068 2260 1159 2323; x_wconf 87' lang='lat' dir='ltr'><strong>bis</strong></span> <span class='ocrx_word' id='word_1_39' title='bbox 1189 2260 1383 2343; x_wconf 87' lang='lat' dir='ltr'><strong>patiar</strong></span> <span class='ocrx_word' id='word_1_40' title='bbox 1410 2260 1562 2324; x_wconf 89' lang='lat' dir='ltr'><strong>mori</strong></span> 
     </span>
     <span class='ocr_line' id='line_1_10' title="bbox 688 2340 1766 2428; baseline 0.002 -20"><span class='ocrx_word' id='word_1_41' title='bbox 688 2340 757 2408; x_wconf 86' lang='lat' dir='ltr'><strong>Si</strong></span> <span class='ocrx_word' id='word_1_42' title='bbox 826 2350 1036 2407; x_wconf 82' lang='lat' dir='ltr'><strong>arcent</strong></span> <span class='ocrx_word' id='word_1_43' title='bbox 1065 2366 1251 2428; x_wconf 90' lang='lat' dir='ltr'><strong>puero</strong></span> <span class='ocrx_word' id='word_1_44' title='bbox 1281 2345 1409 2407; x_wconf 84' lang='lat' dir='ltr'><strong>fata</strong></span> <span class='ocrx_word' id='word_1_45' title='bbox 1436 2344 1766 2428; x_wconf 83' lang='lat' dir='ltr'><strong>superstiti.</strong></span> 
     </span>
    </p>

    <p class='ocr_par' dir='ltr' id='par_1_6' title="bbox 683 2429 1716 2599">
     <span class='ocr_line' id='line_1_11' title="bbox 819 2429 1683 2514; baseline 0.003 -22"><span class='ocrx_word' id='word_1_46' title='bbox 819 2429 924 2492; x_wconf 87' lang='lat' dir='ltr'><strong>uid</strong></span> <span class='ocrx_word' id='word_1_47' title='bbox 977 2430 1029 2493; x_wconf 92' lang='lat' dir='ltr'><strong>si</strong></span> <span class='ocrx_word' id='word_1_48' title='bbox 1057 2431 1254 2514; x_wconf 88' lang='lat' dir='ltr'><strong>prisca</strong></span> <span class='ocrx_word' id='word_1_49' title='bbox 1281 2430 1439 2493; x_wconf 84' lang='lat' dir='ltr'><strong>redit</strong></span> <span class='ocrx_word' id='word_1_50' title='bbox 1467 2430 1683 2494; x_wconf 86' lang='lat' dir='ltr'><strong>Venus</strong></span> 
     </span>
     <span class='ocr_line' id='line_1_12' title="bbox 683 2512 1716 2599; baseline 0.001 -21"><span class='ocrx_word' id='word_1_51' title='bbox 683 2512 1097 2598; x_wconf 86' lang='lat' dir='ltr'><strong>Diductosque</strong></span> <span class='ocrx_word' id='word_1_52' title='bbox 1118 2515 1269 2599; x_wconf 86' lang='lat' dir='ltr'><strong>jugo</strong></span> <span class='ocrx_word' id='word_1_53' title='bbox 1301 2516 1463 2597; x_wconf 85' lang='lat' dir='ltr'><strong>cogit</strong></span> <span class='ocrx_word' id='word_1_54' title='bbox 1500 2518 1716 2596; x_wconf 57' lang='lat' dir='ltr'><strong>atinae,</strong></span> 
     </span>
    </p>

    <p class='ocr_par' dir='ltr' id='par_1_7' title="bbox 686 2597 1820 2769">
     <span class='ocr_line' id='line_1_13' title="bbox 775 2597 1571 2664; baseline 0.001 -1"><span class='ocrx_word' id='word_1_55' title='bbox 775 2597 843 2663; x_wconf 82' lang='lat' dir='ltr'><strong>Si</strong></span> <span class='ocrx_word' id='word_1_56' title='bbox 868 2599 1028 2664; x_wconf 86' lang='lat' dir='ltr'><strong>flava</strong></span> <span class='ocrx_word' id='word_1_57' title='bbox 1053 2601 1354 2663; x_wconf 83' lang='lat' dir='ltr'><strong>excutitur</strong></span> <span class='ocrx_word' id='word_1_58' title='bbox 1384 2599 1571 2664; x_wconf 67' lang='lat' dir='ltr'><strong>Chloe</strong></span> 
     </span>
     <span class='ocr_line' id='line_1_14' title="bbox 686 2681 1820 2769; baseline 0.001 -23"><span class='ocrx_word' id='word_1_59' title='bbox 686 2682 1097 2768; x_wconf 84' lang='lat' dir='ltr'><strong>Re‘ectaeque</strong></span> <span class='ocrx_word' id='word_1_60' title='bbox 1128 2690 1297 2768; x_wconf 87' lang='lat' dir='ltr'><strong>patet</strong></span> <span class='ocrx_word' id='word_1_61' title='bbox 1314 2685 1507 2768; x_wconf 86' lang='lat' dir='ltr'><strong>janua</strong></span> <span class='ocrx_word' id='word_1_62' title='bbox 1535 2681 1820 2769; x_wconf 79' lang='lat' dir='ltr'><strong>Lydiae?</strong></span> 
     </span>
    </p>

    <p class='ocr_par' dir='ltr' id='par_1_8' title="bbox 768 2707 1700 2853">
     <span class='ocr_line' id='line_1_15' title="bbox 768 2707 1700 2853; baseline 0 -21"><span class='ocrx_word' id='word_1_63' title='bbox 768 2707 1142 2853; x_wconf 40' lang='lat' dir='ltr'><strong>Quamquam</strong></span> <span class='ocrx_word' id='word_1_64' title='bbox 1170 2768 1367 2833; x_wconf 88' lang='lat' dir='ltr'><strong>sidere</strong></span> <span class='ocrx_word' id='word_1_65' title='bbox 1399 2769 1700 2851; x_wconf 85' lang='lat' dir='ltr'><strong>pulchrior</strong></span> 
     </span>
    </p>
   </div>
   <div class='ocr_carea' id='block_1_4' title="bbox 685 2851 1919 3020">
    <p class='ocr_par' dir='ltr' id='par_1_9' title="bbox 685 2851 1919 3020">
     <span class='ocr_line' id='line_1_16' title="bbox 685 2851 1919 2939; baseline 0.002 -22"><span class='ocrx_word' id='word_1_66' title='bbox 685 2851 800 2917; x_wconf 87' lang='lat' dir='ltr'><strong>Ille</strong></span> <span class='ocrx_word' id='word_1_67' title='bbox 831 2860 947 2934; x_wconf 87' lang='lat' dir='ltr'><strong>est,</strong></span> <span class='ocrx_word' id='word_1_68' title='bbox 974 2862 1045 2917; x_wconf 85' lang='lat' dir='ltr'><strong>tu</strong></span> <span class='ocrx_word' id='word_1_69' title='bbox 1071 2854 1260 2918; x_wconf 85' lang='lat' dir='ltr'><strong>levior</strong></span> <span class='ocrx_word' id='word_1_70' title='bbox 1287 2856 1512 2919; x_wconf 88' lang='lat' dir='ltr'><strong>cortice</strong></span> <span class='ocrx_word' id='word_1_71' title='bbox 1561 2856 1626 2919; x_wconf 62' lang='lat' dir='ltr'><strong>et</strong></span> <span class='ocrx_word' id='word_1_72' title='bbox 1650 2852 1919 2939; x_wconf 82' lang='lat' dir='ltr'><strong>improbo</strong></span> 
     </span>
     <span class='ocr_line' id='line_1_17' title="bbox 775 2938 1429 3020; baseline 0.003 -18"><span class='ocrx_word' id='word_1_73' title='bbox 775 2938 1133 3004; x_wconf 85' lang='lat' dir='ltr'><strong>Iracundior</strong></span> <span class='ocrx_word' id='word_1_74' title='bbox 1162 2938 1429 3020; x_wconf 80' lang='lat' dir='ltr'><strong>Hadria,</strong></span> 
     </span>
    </p>
   </div>
   <div class='ocr_carea' id='block_1_5' title="bbox 690 3023 2116 3106">
    <p class='ocr_par' dir='ltr' id='par_1_10' title="bbox 690 3023 2116 3106">
     <span class='ocr_line' id='line_1_18' title="bbox 690 3023 2116 3106; baseline 0 -17"><span class='ocrx_word' id='word_1_75' title='bbox 690 3023 918 3089; x_wconf 77' lang='lat' dir='ltr'><strong>Tecum</strong></span> <span class='ocrx_word' id='word_1_76' title='bbox 945 3025 1149 3090; x_wconf 81' lang='lat' dir='ltr'><strong>vivere</strong></span> <span class='ocrx_word' id='word_1_77' title='bbox 1179 3045 1397 3106; x_wconf 89' lang='lat' dir='ltr'><strong>amem,</strong></span> <span class='ocrx_word' id='word_1_78' title='bbox 1428 3030 1635 3090; x_wconf 88' lang='lat' dir='ltr'><strong>tecum</strong></span> <span class='ocrx_word' id='word_1_79' title='bbox 1662 3023 1873 3089; x_wconf 89' lang='lat' dir='ltr'><strong>obeam</strong></span> <span class='ocrx_word' id='word_1_80' title='bbox 1898 3023 2116 3090; x_wconf 85' lang='lat' dir='ltr'><strong>libens.</strong></span> 
     </span>
    </p>
   </div>
   <div class='ocr_carea' id='block_1_6' title="bbox 1060 3452 1710 3520">
    <p class='ocr_par' dir='ltr' id='par_1_11' title="bbox 1060 3452 1710 3520">
     <span class='ocr_line' id='line_1_19' title="bbox 1060 3452 1710 3520; baseline -0.003 0"><span class='ocrx_word' id='word_1_81' title='bbox 1060 3452 1519 3520; x_wconf 80' lang='lat' dir='ltr'>GARMEN</span> <span class='ocrx_word' id='word_1_82' title='bbox 1594 3452 1710 3519; x_wconf 88' lang='lat' dir='ltr'><strong>X.</strong></span> 
     </span>
    </p>
   </div>
   <div class='ocr_carea' id='block_1_7' title="bbox 687 3790 2089 5157">
    <p class='ocr_par' dir='ltr' id='par_1_12' title="bbox 687 3790 1912 3877">
     <span class='ocr_line' id='line_1_20' title="bbox 687 3790 1912 3877; baseline -0.005 -15"><span class='ocrx_word' id='word_1_83' title='bbox 687 3795 1061 3862; x_wconf 75' lang='lat' dir='ltr'><strong>Emmnm</strong></span> <span class='ocrx_word' id='word_1_84' title='bbox 1091 3794 1324 3859; x_wconf 81' lang='lat' dir='ltr'><strong>Tanain</strong></span> <span class='ocrx_word' id='word_1_85' title='bbox 1352 3794 1404 3858; x_wconf 92' lang='lat' dir='ltr'><strong>si</strong></span> <span class='ocrx_word' id='word_1_86' title='bbox 1431 3793 1690 3873; x_wconf 89' lang='lat' dir='ltr'><strong>biberes,</strong></span> <span class='ocrx_word' id='word_1_87' title='bbox 1718 3790 1912 3877; x_wconf 80' lang='lat' dir='ltr'><strong>Lyce,</strong></span> 
     </span>
    </p>

    <p class='ocr_par' dir='ltr' id='par_1_13' title="bbox 693 3880 1918 3965">
     <span class='ocr_line' id='line_1_21' title="bbox 693 3880 1918 3965; baseline -0.006 -18"><span class='ocrx_word' id='word_1_88' title='bbox 693 3880 890 3947; x_wconf 82' lang='lat' dir='ltr'><strong>Saevo</strong></span> <span class='ocrx_word' id='word_1_89' title='bbox 917 3891 1109 3965; x_wconf 83' lang='lat' dir='ltr'><strong>nupta</strong></span> <span class='ocrx_word' id='word_1_90' title='bbox 1135 3882 1285 3957; x_wconf 85' lang='lat' dir='ltr'><strong>viro,</strong></span> <span class='ocrx_word' id='word_1_91' title='bbox 1314 3900 1410 3942; x_wconf 90' lang='lat' dir='ltr'><strong>me</strong></span> <span class='ocrx_word' id='word_1_92' title='bbox 1440 3885 1644 3942; x_wconf 87' lang='lat' dir='ltr'><strong>tamen</strong></span> <span class='ocrx_word' id='word_1_93' title='bbox 1672 3897 1918 3961; x_wconf 86' lang='lat' dir='ltr'><strong>asperas</strong></span> 
     </span>
    </p>

    <p class='ocr_par' dir='ltr' id='par_1_14' title="bbox 692 3962 1938 4133">
     <span class='ocr_line' id='line_1_22' title="bbox 692 3962 1938 4050; baseline -0.004 -18"><span class='ocrx_word' id='word_1_94' title='bbox 692 3966 1049 4032; x_wconf 89' lang='lat' dir='ltr'><strong>Porrectum</strong></span> <span class='ocrx_word' id='word_1_95' title='bbox 1078 3972 1218 4028; x_wconf 88' lang='lat' dir='ltr'><strong>ante</strong></span> <span class='ocrx_word' id='word_1_96' title='bbox 1248 3965 1408 4027; x_wconf 86' lang='lat' dir='ltr'><strong>fores</strong></span> <span class='ocrx_word' id='word_1_97' title='bbox 1438 3964 1698 4050; x_wconf 85' lang='lat' dir='ltr'><strong>objicere</strong></span> <span class='ocrx_word' id='word_1_98' title='bbox 1727 3962 1938 4027; x_wconf 88' lang='lat' dir='ltr'><strong>incolis</strong></span> 
     </span>
     <span class='ocr_line' id='line_1_23' title="bbox 946 4049 1674 4133; baseline -0.004 -19"><span class='ocrx_word' id='word_1_99' title='bbox 946 4050 1226 4114; x_wconf 86' lang='lat' dir='ltr'><strong>Plorares</strong></span> <span class='ocrx_word' id='word_1_100' title='bbox 1255 4049 1674 4133; x_wconf 79' lang='lat' dir='ltr'><strong>Aquilonibus·</strong></span> 
     </span>
    </p>

    <p class='ocr_par' dir='ltr' id='par_1_15' title="bbox 691 4134 1939 4220">
     <span class='ocr_line' id='line_1_24' title="bbox 691 4134 1939 4220; baseline -0.002 -20"><span class='ocrx_word' id='word_1_101' title='bbox 691 4134 890 4200; x_wconf 85' lang='lat' dir='ltr'><strong>Audis</strong></span> <span class='ocrx_word' id='word_1_102' title='bbox 918 4156 1036 4219; x_wconf 91' lang='lat' dir='ltr'><strong>quo</strong></span> <span class='ocrx_word' id='word_1_103' title='bbox 1065 4135 1321 4220; x_wconf 88' lang='lat' dir='ltr'><strong>strepitu</strong></span> <span class='ocrx_word' id='word_1_104' title='bbox 1338 4136 1551 4218; x_wconf 85' lang='lat' dir='ltr'><strong>janua,</strong></span> <span class='ocrx_word' id='word_1_105' title='bbox 1581 4154 1700 4217; x_wconf 91' lang='lat' dir='ltr'><strong>quo</strong></span> <span class='ocrx_word' id='word_1_106' title='bbox 1726 4151 1939 4197; x_wconf 87' lang='lat' dir='ltr'><strong>nemus</strong></span> 
     </span>
    </p>

    <p class='ocr_par' dir='ltr' id='par_1_16' title="bbox 692 4217 1893 4305">
     <span class='ocr_line' id='line_1_25' title="bbox 692 4217 1893 4305; baseline -0.001 -21"><span class='ocrx_word' id='word_1_107' title='bbox 692 4222 866 4285; x_wconf 87' lang='lat' dir='ltr'><strong>Inter</strong></span> <span class='ocrx_word' id='word_1_108' title='bbox 894 4221 1146 4305; x_wconf 90' lang='lat' dir='ltr'><strong>pulchra</strong></span> <span class='ocrx_word' id='word_1_109' title='bbox 1172 4227 1368 4284; x_wconf 85' lang='lat' dir='ltr'><strong>satum</strong></span> <span class='ocrx_word' id='word_1_110' title='bbox 1399 4226 1565 4283; x_wconf 88' lang='lat' dir='ltr'><strong>tecta</strong></span> <span class='ocrx_word' id='word_1_111' title='bbox 1593 4217 1893 4301; x_wconf 82' lang='lat' dir='ltr'><strong>remugiat</strong></span> 
     </span>
    </p>

    <p class='ocr_par' dir='ltr' id='par_1_17' title="bbox 689 4304 1823 4476">
     <span class='ocr_line' id='line_1_26' title="bbox 689 4304 1823 4391; baseline -0.003 -20"><span class='ocrx_word' id='word_1_112' title='bbox 689 4305 930 4387; x_wconf 77' lang='lat' dir='ltr'><strong>VentiS,</strong></span> <span class='ocrx_word' id='word_1_113' title='bbox 962 4313 1026 4369; x_wconf 91' lang='lat' dir='ltr'><strong>et</strong></span> <span class='ocrx_word' id='word_1_114' title='bbox 1053 4307 1275 4391; x_wconf 86' lang='lat' dir='ltr'><strong>positas</strong></span> <span class='ocrx_word' id='word_1_115' title='bbox 1304 4311 1374 4369; x_wconf 90' lang='lat' dir='ltr'><strong>ut</strong></span> <span class='ocrx_word' id='word_1_116' title='bbox 1403 4305 1628 4388; x_wconf 85' lang='lat' dir='ltr'><strong>glaciet</strong></span> <span class='ocrx_word' id='word_1_117' title='bbox 1652 4304 1823 4368; x_wconf 87' lang='lat' dir='ltr'><strong>nives</strong></span> 
     </span>
     <span class='ocr_line' id='line_1_27' title="bbox 951 4387 1752 4476; baseline -0.002 -22"><span class='ocrx_word' id='word_1_118' title='bbox 951 4392 1115 4455; x_wconf 90' lang='lat' dir='ltr'><strong>Puro</strong></span> <span class='ocrx_word' id='word_1_119' title='bbox 1144 4392 1385 4455; x_wconf 88' lang='lat' dir='ltr'><strong>numine</strong></span> <span class='ocrx_word' id='word_1_120' title='bbox 1415 4391 1461 4455; x_wconf 88' lang='lat' dir='ltr'><strong>J</strong></span> <span class='ocrx_word' id='word_1_121' title='bbox 1461 4387 1752 4476; x_wconf 78' lang='lat' dir='ltr'><strong>uppiter?</strong></span> 
     </span>
    </p>

    <p class='ocr_par' dir='ltr' id='par_1_18' title="bbox 687 4475 1832 4561">
     <span class='ocr_line' id='line_1_28' title="bbox 687 4475 1832 4561; baseline -0.003 -21"><span class='ocrx_word' id='word_1_122' title='bbox 687 4475 999 4561; x_wconf 84' lang='lat' dir='ltr'><strong>Ingratam</strong></span> <span class='ocrx_word' id='word_1_123' title='bbox 1027 4477 1259 4541; x_wconf 90' lang='lat' dir='ltr'><strong>Veneri</strong></span> <span class='ocrx_word' id='word_1_124' title='bbox 1287 4498 1440 4560; x_wconf 90' lang='lat' dir='ltr'><strong>pone</strong></span> <span class='ocrx_word' id='word_1_125' title='bbox 1471 4475 1832 4560; x_wconf 88' lang='lat' dir='ltr'><strong>superbiam,</strong></span> 
     </span>
    </p>

    <p class='ocr_par' dir='ltr' id='par_1_19' title="bbox 692 4561 1761 4627">
     <span class='ocr_line' id='line_1_29' title="bbox 692 4561 1761 4627; baseline -0.003 -1"><span class='ocrx_word' id='word_1_126' title='bbox 692 4561 794 4627; x_wconf 84' lang='lat' dir='ltr'><strong>Ne</strong></span> <span class='ocrx_word' id='word_1_127' title='bbox 825 4569 1103 4626; x_wconf 85' lang='lat' dir='ltr'><strong>currente</strong></span> <span class='ocrx_word' id='word_1_128' title='bbox 1118 4570 1275 4626; x_wconf 88' lang='lat' dir='ltr'><strong>retro</strong></span> <span class='ocrx_word' id='word_1_129' title='bbox 1293 4562 1450 4624; x_wconf 88' lang='lat' dir='ltr'><strong>funis</strong></span> <span class='ocrx_word' id='word_1_130' title='bbox 1480 4568 1581 4624; x_wconf 91' lang='lat' dir='ltr'><strong>eat</strong></span> <span class='ocrx_word' id='word_1_131' title='bbox 1605 4567 1761 4626; x_wconf 84' lang='lat' dir='ltr'><strong>rota.</strong></span> 
     </span>
    </p>

    <p class='ocr_par' dir='ltr' id='par_1_20' title="bbox 690 4643 1855 4816">
     <span class='ocr_line' id='line_1_30' title="bbox 690 4643 1855 4730; baseline -0.005 -18"><span class='ocrx_word' id='word_1_132' title='bbox 690 4646 836 4712; x_wconf 85' lang='lat' dir='ltr'><strong>Non</strong></span> <span class='ocrx_word' id='word_1_133' title='bbox 865 4655 925 4710; x_wconf 89' lang='lat' dir='ltr'><strong>te</strong></span> <span class='ocrx_word' id='word_1_134' title='bbox 956 4647 1301 4730; x_wconf 89' lang='lat' dir='ltr'><strong>Penelopen</strong></span> <span class='ocrx_word' id='word_1_135' title='bbox 1331 4646 1630 4708; x_wconf 87' lang='lat' dir='ltr'><strong>difficilem</strong></span> <span class='ocrx_word' id='word_1_136' title='bbox 1657 4643 1855 4728; x_wconf 88' lang='lat' dir='ltr'><strong>procis</strong></span> 
     </span>
     <span class='ocr_line' id='line_1_31' title="bbox 953 4731 1809 4816; baseline -0.005 -21"><span class='ocrx_word' id='word_1_137' title='bbox 953 4732 1302 4816; x_wconf 80' lang='lat' dir='ltr'><strong>Tyrrhenus</strong></span> <span class='ocrx_word' id='word_1_138' title='bbox 1332 4731 1543 4813; x_wconf 86' lang='lat' dir='ltr'><strong>genuit</strong></span> <span class='ocrx_word' id='word_1_139' title='bbox 1569 4749 1809 4813; x_wconf 88' lang='lat' dir='ltr'><strong>parens.</strong></span> 
     </span>
    </p>

    <p class='ocr_par' dir='ltr' id='par_1_21' title="bbox 697 4816 2089 4904">
     <span class='ocr_line' id='line_1_32' title="bbox 697 4816 2089 4904; baseline -0.004 -23"><span class='ocrx_word' id='word_1_140' title='bbox 697 4816 753 4882; x_wconf 93' lang='grc' dir='ltr'>Ο</span> <span class='ocrx_word' id='word_1_141' title='bbox 808 4817 1080 4901; x_wconf 84' lang='lat' dir='ltr'><strong>quamvis</strong></span> <span class='ocrx_word' id='word_1_142' title='bbox 1109 4836 1305 4900; x_wconf 90' lang='lat' dir='ltr'><strong>neque</strong></span> <span class='ocrx_word' id='word_1_143' title='bbox 1336 4824 1398 4878; x_wconf 90' lang='lat' dir='ltr'><strong>te</strong></span> <span class='ocrx_word' id='word_1_144' title='bbox 1427 4835 1682 4904; x_wconf 60' lang='lat' dir='ltr'><strong>munera</strong></span> <span class='ocrx_word' id='word_1_145' title='bbox 1730 4833 1845 4876; x_wconf 91' lang='lat' dir='ltr'><strong>nec</strong></span> <span class='ocrx_word' id='word_1_146' title='bbox 1874 4830 2089 4897; x_wconf 85' lang='lat' dir='ltr'><strong>preces</strong></span> 
     </span>
    </p>

    <p class='ocr_par' dir='ltr' id='par_1_22' title="bbox 694 4898 1852 4983">
     <span class='ocr_line' id='line_1_33' title="bbox 694 4898 1852 4983; baseline -0.005 -16"><span class='ocrx_word' id='word_1_147' title='bbox 694 4901 833 4967; x_wconf 85' lang='lat' dir='ltr'><strong>Nec</strong></span> <span class='ocrx_word' id='word_1_148' title='bbox 864 4904 1089 4966; x_wconf 85' lang='lat' dir='ltr'><strong>tinctus</strong></span> <span class='ocrx_word' id='word_1_149' title='bbox 1121 4903 1276 4965; x_wconf 83' lang='lat' dir='ltr'><strong>viola</strong></span> <span class='ocrx_word' id='word_1_150' title='bbox 1304 4901 1494 4983; x_wconf 81' lang='lat' dir='ltr'><strong>pallor</strong></span> <span class='ocrx_word' id='word_1_151' title='bbox 1524 4898 1852 4963; x_wconf 85' lang='lat' dir='ltr'><strong>amantium</strong></span> 
     </span>
    </p>

    <p class='ocr_par' dir='ltr' id='par_1_23' title="bbox 696 4985 1756 5157">
     <span class='ocr_line' id='line_1_34' title="bbox 696 4985 1703 5071; baseline -0.007 -17"><span class='ocrx_word' id='word_1_152' title='bbox 696 4988 838 5054; x_wconf 83' lang='lat' dir='ltr'><strong>Nec</strong></span> <span class='ocrx_word' id='word_1_153' title='bbox 865 4988 960 5053; x_wconf 86' lang='lat' dir='ltr'><strong>vir</strong></span> <span class='ocrx_word' id='word_1_154' title='bbox 987 4987 1190 5051; x_wconf 83' lang='lat' dir='ltr'><strong>Pieria</strong></span> <span class='ocrx_word' id='word_1_155' title='bbox 1219 4987 1433 5071; x_wconf 86' lang='lat' dir='ltr'><strong>pellice</strong></span> <span class='ocrx_word' id='word_1_156' title='bbox 1463 4985 1703 5048; x_wconf 90' lang='lat' dir='ltr'><strong>saucius</strong></span> 
     </span>
     <span class='ocr_line' id='line_1_35' title="bbox 956 5069 1756 5157; baseline -0.005 -20"><span class='ocrx_word' id='word_1_157' title='bbox 956 5072 1208 5152; x_wconf 81' lang='lat' dir='ltr'><strong>Curvat‚</strong></span> <span class='ocrx_word' id='word_1_158' title='bbox 1239 5070 1607 5157; x_wconf 88' lang='lat' dir='ltr'><strong>supplicibus</strong></span> <span class='ocrx_word' id='word_1_159' title='bbox 1635 5069 1756 5134; x_wconf 88' lang='lat' dir='ltr'><strong>tuis</strong></span> 
     </span>
    </p>
   </div>
   <div class='ocr_carea' id='block_1_8' title="bbox 2342 1581 2426 1647">
    <p class='ocr_par' dir='ltr' id='par_1_24' title="bbox 2342 1581 2426 1647">
     <span class='ocr_line' id='line_1_36' title="bbox 2342 1581 2426 1647; baseline -0.012 0"><span class='ocrx_word' id='word_1_160' title='bbox 2342 1581 2426 1647; x_wconf 81' lang='lat'><strong>63</strong></span> 
     </span>
    </p>
   </div>
   <div class='ocr_carea' id='block_1_9' title="bbox 2358 1856 2423 1909">
    <p class='ocr_par' dir='ltr' id='par_1_25' title="bbox 2358 1856 2423 1909">
     <span class='ocr_line' id='line_1_37' title="bbox 2358 1856 2423 1909; baseline 0.015 -1"><span class='ocrx_word' id='word_1_161' title='bbox 2358 1856 2423 1909; x_wconf 84' lang='lat'><strong>10</strong></span> 
     </span>
    </p>
   </div>
   <div class='ocr_carea' id='block_1_10' title="bbox 2336 2654 2424 2755">
    <p class='ocr_par' dir='ltr' id='par_1_26' title="bbox 2336 2654 2424 2755">
     <span class='ocr_line' id='line_1_38' title="bbox 2336 2654 2424 2755; baseline 0 0"><span class='ocrx_word' id='word_1_162' title='bbox 2336 2654 2424 2755; x_wconf 38' lang='lat'><strong>‘20</strong></span> 
     </span>
    </p>
   </div>
   <div class='ocr_carea' id='block_1_11' title="bbox 2375 4575 2438 4628">
    <p class='ocr_par' dir='ltr' id='par_1_27' title="bbox 2375 4575 2438 4628">
     <span class='ocr_line' id='line_1_39' title="bbox 2375 4575 2438 4628; baseline 0 0"><span class='ocrx_word' id='word_1_163' title='bbox 2375 4575 2438 4628; x_wconf 81' lang='lat' dir='ltr'><strong>lo</strong></span> 
     </span>
    </p>
   </div>
  </div>
 </body>
</html>
