2900 6042
1163 1459 1166 1462 ·
1214 1439 1410 1489 canu.
1455 1439 1559 1488 111.
2310 1422 2439 1490 107

691 1592 827 1658 Has
853 1591 1013 1658 inter
1033 1596 1241 1679 epulas
1292 1603 1363 1660 ut
1381 1597 1562 1682 juvat
1588 1603 1790 1682 pastas
1817 1618 1961 1665 oves

777 1679 1006 1744 Videre
1037 1691 1425 1766 properantes
1454 1683 1716 1764 domum,

687 1762 918 1828 Videre
947 1765 1135 1830 fessos
1164 1789 1463 1832 vomerem
1491 1769 1794 1834 inversum
1820 1770 2005 1836 boves

778 1848 946 1914 Collo
975 1852 1281 1916 trahentes
1309 1855 1614 1936 languido,

690 1931 1042 2019 Positosque
1072 1958 1311 2017 vernas,
1340 1938 1480 2002 ditis
1511 1960 1762 2004 examen
1791 1940 2024 2022 domus,
2357 1958 2425 2013 65

777 2018 1019 2101 Circum
1049 2023 1391 2087 renidentes
1416 2023 1607 2087 Lares
1632 2025 1647 2089 l

688 2103 865 2169 Haec
892 2106 996 2169 ubi
1023 2106 1258 2172 locutus
1287 2109 1593 2172 fenerator
1621 2108 1909 2195 Alphius,

768 2189 815 2253 J
816 2211 913 2253 am
930 2191 1058 2275 jam
1087 2192 1324 2256 futurus
1353 2194 1635 2275 rusticus,

689 2271 944 2353 Omnem
973 2277 1210 2360 redegit
1237 2278 1446 2342 Idibus
1474 2279 1811 2363 pecuniam,

775 2358 1027 2435 Quaerit
1053 2362 1352 2428 Kalendis
1378 2384 1625 2448 ponere.
2359 2385 2424 2437 70

1043 2782 1491 2851 GARMEN
1549 2783 1728 2851 111.

685 3125 1018 3191 Par-lmus
1046 3125 1184 3190 olim
1212 3125 1264 3191 si
1292 3126 1425 3211 quis
1454 3126 1635 3214 impia
1660 3147 1845 3193 manu

775 3209 976 3276 Senile
1009 3217 1220 3295 guttur
1246 3213 1519 3296 fregerit,

684 3294 832 3361 Edit
860 3295 1072 3361 cicutis
1101 3298 1303 3361 allium
1332 3297 1664 3362 nocentius.

771 3380 825 3447 Ο
857 3382 1010 3446 dura
1037 3404 1362 3447 messorum
1390 3382 1529 3448 ilia!

578 3465 580 3467 ’
686 3465 846 3541 Quid
873 3468 986 3532 hoc
1015 3468 1232 3531 veneni
1261 3488 1363 3531 sae
1371 3469 1455 3531 vit
1481 3469 1544 3530 in
1572 3465 1980 3552 praecordiis!
2381 3488 2420 3539 ⁶

770 3551 939 3617 Num
967 3552 1269 3636 viperinus
1296 3553 1388 3615 his
1421 3574 1599 3616 cruor

683 3635 969 3702 Incoctus
995 3636 1197 3701 herbis
1224 3658 1320 3699 me
1351 3636 1617 3701 fefellit?
1650 3657 1730 3702 an
1756 3637 1947 3702 malas

771 3722 1025 3786 Canidia
1053 3722 1336 3784 tractavit
1363 3721 1601 3805 dapes?

679 3806 777 3872 Ut
805 3807 1193 3889 Argonautas
1222 3813 1464 3890 praeter
1492 3827 1695 3873 omnes
1724 3807 2049 3874 candidum

767 3891 995 3956 Medea
1021 3891 1237 3954 mirata
1265 3898 1359 3954 est
1386 3891 1625 3972 ducem,
2352 3916 2418 3969 10

684 3977 906 4062 Ignota
935 3976 1123 4040 tauris
1150 3976 1516 4057 illigatumm
1533 3977 1690 4062 juga

771 4061 1067 4126 Perunxit
1093 4062 1205 4126 hoc
1227 4060 1274 4126 J
1272 4082 1513 4125 asonem
1537 4080 1555 4140 3

678 4147 817 4212 Hoc
847 4147 1126 4211 delibutis
1155 4148 1286 4210 ulta
1313 4147 1481 4212 donis
1510 4147 1786 4233 pellicem

598 4254 605 4261 ·
769 4231 1063 4317 Serpente
1093 4233 1251 4316 fugit
1278 4233 1440 4296 alite.

679 4316 815 4382 Nec
845 4325 1049 4382 tantus
1077 4339 1340 4402 unquam
1370 4319 1633 4383 siderum
1660 4319 1881 4385 insedit
1907 4339 2099 4406 vapor
2351 4341 2411 4393 ιε

767 4401 1119 4467 Siticulosae
1152 4403 1438 4487 Apuliae,

678 4486 815 4552 Nec
843 4508 1060 4551 munus
1086 4488 1349 4551 humeris
1379 4489 1635 4553 efficacis
1659 4488 1943 4555 Hercul'm

766 4573 991 4636 Inarsit
1019 4573 1369 4636 aestuosius.

676 4658 769 4723 At
821 4658 872 4722 si
901 4657 1047 4741 quid
1075 4677 1340 4740 unquam
1368 4659 1489 4722 tale
1520 4659 1953 4745 concupiveris,

768 4742 815 4808 J
816 4763 988 4807 ocose
1015 4742 1366 4821 Maecenas,
1396 4764 1611 4828 precor
2349 4764 2414 4819 m

650 4826 938 4892 -uanum
966 4829 1165 4914 puella
1192 4829 1358 4892 savio
1384 4850 1421 4892 o
1462 4835 1648 4914 ponat
1675 4834 1782 4894 tuo

766 4912 1057 4979 Extrema
1084 4921 1149 4979 et
1173 4914 1238 4979 in
1266 4934 1415 4999 spon
1524 4914 1724 4979 cubet.
