2900 6042
1137 1481 1268 1529 ΠΒ.
1315 1481 1364 1528 1.
1412 1481 1612 1529 mgr.
1660 1483 1725 1529 V.

394 1633 613 1703 Gratia
633 1635 1041 1721 'nequicquam
1072 1636 1193 1700 coit
1221 1641 1285 1698 et
1313 1635 1675 1700 rescinditur
1744 1632 1838 1699 At
1864 1654 1972 1700 vos

396 1719 523 1787 Seu
553 1722 784 1787 calidus
813 1723 1058 1805 sanguis
1086 1744 1194 1786 seu
1226 1742 1425 1785 rerum
1457 1723 1693 1787 inscitia
1719 1729 1901 1787 vexat

392 1806 693 1871 Indomita
723 1808 958 1871 cervice
989 1809 1170 1888 feros,
1200 1807 1546 1892 ubicunqm²
1590 1808 1853 1873 locorum

392 1890 635 1972 vivitis,
648 1892 876 1976 indigni
908 1894 1239 1957 fraternum
1268 1915 1546 1978 rumpere
1575 1894 1808 1972 foedus,

397 1977 678 2043 Pascitur
705 1979 768 2042 in
799 1987 1061 2043 vestrum
1090 1980 1349 2044 reditum
1381 1980 1582 2043 votiva
1598 1980 1885 2066 juvenca.

1032 2401 1580 2468 EPISTOLA
1666 2404 1804 2470 IV.
1891 2417 1898 2424 '

391 2574 589 2654 ALBI,
616 2580 953 2639 nostrorum
984 2593 1321 2637 sermonum
1351 2573 1604 2637 candide
1624 2574 1840 2660 judex,

392 2660 554 2736 Quid
584 2680 744 2724 nunc
776 2667 837 2723 te
871 2658 1067 2722 dicam
1094 2659 1297 2722 facere
1328 2660 1390 2722 in
1419 2660 1665 2742 regione
1696 2658 1987 2725 Pedana?

393 2745 676 2811 Scribere
707 2743 867 2829 quod
899 2743 1069 2808 Cassi
1100 2745 1443 2808 Parmensis
1473 2747 1761 2830 opuscula
1788 2747 2012 2828 vincat,

388 2831 497 2896 An
526 2831 777 2894 tacitum
806 2830 985 2893 silvas
1014 2830 1174 2893 inter
1202 2837 1442 2914 reptare
1474 2831 1767 2909 salubres,

393 2914 725 2980 curantem
757 2915 1040 3000 quidquid
1071 2916 1319 3000 dignum
1346 2917 1617 3000 sapiente
1647 2917 1918 3001 bonoque
1949 2915 2091 2984 est?

389 3000 534 3066 Non
563 3009 632 3064 tu
662 3022 877 3084 corpus
909 3022 1042 3064 eras
1071 3002 1198 3065 sine
1227 3010 1492 3085 pectore.
1543 3001 1628 3066 Di
1656 3003 1763 3066 tibi
1797 3003 2071 3085 formam,

389 3086 472 3152 Di
505 3087 610 3150 tibi
641 3086 877 3150 divitias
907 3087 1205 3151 dederunt
1232 3095 1543 3171 artemque
1573 3089 1833 3152 fruendi.

392 3170 553 3246 Quid
583 3180 796 3237 voveat
826 3172 985 3235 dulci
1013 3174 1313 3237 nutricula
1340 3176 1531 3258 majus
1562 3175 1822 3254 alumno,

392 3256 513 3332 Qui
539 3279 753 3342 sapere
785 3265 848 3320 et
876 3258 990 3321 fari
1017 3260 1200 3342 possit
1229 3279 1384 3343 quae
1414 3260 1656 3338 sentiat,
1687 3268 1751 3324 et
1779 3261 1877 3326 cui
1996 3337 1999 3340 ‚

393 3342 629 3422 Gratia,
660 3344 840 3421 fama,
872 3344 1150 3407 valetudo
1180 3345 1489 3428 contingat
1517 3345 1777 3425 abunde,

391 3427 478 3493 Et
504 3429 761 3493 mundus
791 3430 984 3493 victus
1011 3452 1131 3493 non
1161 3429 1476 3494 deficiente
1508 3429 1840 3495 crumena?

389 3512 565 3579 Inter
593 3536 759 3598 spem
790 3535 1138 3599 curamque,
1169 3517 1411 3579 timores
1439 3517 1597 3579 inter
1627 3525 1691 3579 et
1718 3517 1864 3592 irim,

393 3597 650 3664 Omnem
679 3599 859 3664 crede
893 3600 1049 3665 diem
1081 3602 1186 3663 tibi
1215 3602 1497 3665 diluxisse
1528 3621 1910 3685 supremum:

393 3684 589 3749 Grata
615 3687 998 3770 superveniet
1049 3707 1204 3769 quae
1234 3708 1354 3749 non
1381 3688 1720 3770 sperabitur
1757 3687 1924 3749 hora.

292 3848 300 3855 ,
388 3769 499 3836 Me
528 3771 812 3856 pinguem
842 3779 906 3834 et
932 3770 1186 3833 nitidum
1215 3771 1367 3834 bene
1399 3779 1612 3834 curata
1640 3779 1779 3834 cute
1809 3771 1967 3836 vises

393 3854 549 3922 Cum
577 3856 778 3920 ridere
807 3856 971 3922 voles
1001 3855 1249 3941 Epicuri
1279 3856 1354 3919 de
1385 3876 1572 3940 grege
1604 3877 1870 3940 porcum.

1063 4288 1614 4356 EPISTOLA
1701 4291 1787 4358 V.

399 4459 475 4527 St
504 4468 674 4547 potes
702 4460 1021 4525 Archiacis
1051 4461 1301 4525 conviva
1327 4463 1677 4525 recumbere
1706 4462 1881 4526 lectis

394 4546 460 4613 N
463 4569 531 4612 ec
561 4547 796 4611 modica
824 4568 1077 4611 coenare
1112 4549 1285 4610 times
1314 4548 1442 4611 olus
1473 4569 1646 4611 omne
1676 4549 1923 4631 patella,

399 4631 693 4717 Supremo
724 4639 784 4696 te
815 4634 937 4696 sole
969 4633 1149 4710 domi,
1179 4633 1506 4715 Torquate,
1535 4634 1807 4697 manebo.

395 4716 560 4782 Vina
586 4718 755 4782 bibes
784 4719 1000 4781 iterum
1030 4719 1228 4781 Tauro
1262 4718 1477 4781 diffusa
1506 4720 1801 4802 palustres

395 4803 570 4868 Inter
598 4802 941 4866 Minturnas
974 4802 1520 4887 Sinuessanumque
1553 4804 1885 4867 Petrinum.

398 4886 466 4954 Si
497 4890 708 4953 melius
738 4890 884 4973 quid
911 4890 1118 4968 habes,
1150 4910 1387 4952 arcesse
1441 4892 1536 4953 vel
1568 4891 1880 4973 imperium
1910 4890 2024 4954 fer.

392 4974 441 5041 J
442 4974 768 5040 amdudum
796 4976 1074 5061 splendet
1100 4977 1270 5039 focus
1300 4983 1363 5038 et
1392 4976 1498 5038 tibi
1527 4977 1751 5040 munda
1779 4977 2072 5061 supellex.

2340 1463 2467 1530 187

2406 3366 2469 3416 lo

2407 3795 2469 3845 15
