2900 6042
917 1520 1050 1567 m.
1093 1518 1199 1568 111.
1247 1519 1444 1566 CAR-M.
1491 1518 1693 1567 xxm.

893 1838 1350 1907 GARMEN
1407 1839 1670 1908 XXII
1700 1887 1722 1910 .

850 2134 881 2165 .
1132 2145 1139 2153 .

522 2183 526 2187 “
602 2181 924 2248 Momm
953 2187 1153 2246 custos
1180 2202 1631 2265 nemorumque,
1655 2181 1873 2268 Virgo,

605 2266 775 2342 Quae
805 2268 1143 2331 labora-ntes
1170 2274 1344 2330 utero
1372 2268 1608 2350 puellas

604 2352 728 2418 Ter
754 2359 969 2418 vocata
998 2352 1170 2416 audis
1199 2352 1527 2435 adimisque
1557 2353 1700 2433 lete,

806 2511 816 2520 ,
945 2437 1106 2500 Diva
1134 2437 1437 2516 triforme,

602 2521 931 2587 Imminens
959 2522 1135 2585 villae
1166 2528 1271 2584 tua
1296 2522 1472 2604 pinus
1500 2527 1652 2601 esto,

602 2605 802 2681 Quam
827 2627 938 2691 per
967 2612 1208 2669 exactos
1236 2626 1349 2688 ego
1377 2605 1573 2668 laetus
1602 2625 1788 2670 annos

603 2690 821 2758 Verris
847 2691 1152 2774 obliquum
1177 2689 1523 2752 meditantis
1549 2689 1738 2756 ictum
1859 2712 1864 2717 ·

945 2773 1254 2858 Sanguine
1283 2773 1521 2841 donem.

637 3012 718 3032 ⁸⁶0⁹

863 3203 1333 3271 CARMEN
1389 3201 1736 3300 xx111.

684 3544 898 3610 GAELo
926 3544 1170 3630 supinas
1199 3546 1253 3609 si
1279 3546 1490 3610 tuleris
1517 3565 1730 3612 manus

681 3629 994 3696 Nascente
1023 3629 1220 3710 Luna,
1249 3633 1477 3695 rustica
1505 3629 1788 3716 Phidyle,

775 3715 845 3782 Si
872 3716 1049 3779 thure
1118 3716 1336 3780 lacaris
1366 3724 1429 3781 et
1456 3717 1648 3780 horna

855 3800 1062 3881 Fruge
1251 3821 1281 3864 s
1333 3800 1629 3884 avidaque
1659 3819 1868 3884 porca,

684 3884 822 3950 Nec
851 3885 1231 3969 pestilentem
1258 3886 1480 3948 sentiet
1505 3885 1787 3948 Africum

677 3969 972 4036 Fecunda
999 3969 1135 4031 vitis
1185 3989 1300 4033 nec
1330 3970 1595 4033 sterilem
1622 3989 1800 4052 seges

769 4054 1131 4137 Robiginem
1182 4061 1289 4118 aut
1317 4055 1525 4118 dulces
1554 4054 1779 4118 alumni

852 4138 1154 4203 Pomifero
1185 4161 1370 4222 grave
1401 4147 1638 4224 tempus
1666 4159 1845 4204 anno,

680 4223 844 4289 Nam
873 4245 1030 4309 quae
1058 4225 1242 4289 nivali
1269 4227 1538 4310 pascitur
1563 4224 1790 4308 Algido

681 4308 923 4374 Devota
949 4329 1209 4394 quercus
1237 4311 1396 4374 inter
1425 4319 1491 4374 et
1516 4310 1684 4374 ilices

766 4394 903 4458 Aut
932 4396 1151 4459 crescit
1177 4396 1432 4460 Albanis
1461 4397 1523 4460 in
1550 4395 1754 4460 herbis

853 4478 1125 4544 Victima
1153 4483 1497 4565 pontificum
1524 4500 1770 4545 secures

687 4560 940 4628 Cervice
971 4566 1202 4647 tinget:
1249 4574 1311 4629 te
1340 4567 1488 4629 nihil
1517 4567 1736 4630 attinet

677 4648 941 4714 Tentare
969 4651 1162 4713 multa.
1187 4650 1374 4713 caede
1402 4649 1735 4714 bidentium

765 4734 997 4815 Parvos
1026 4742 1409 4798 coronantem
1437 4734 1668 4797 marino

843 4819 1007 4884 Rore
1038 4819 1183 4883 deos
1209 4818 1529 4902 fragilique
1559 4823 1779 4902 myrto.

676 4902 972 4970 Immunis
999 4925 1167 4969 aram
1196 4905 1248 4968 si
1276 4904 1477 4986 tetigit
1502 4922 1739 4984 manus,

678 4987 825 5054 Non
850 4999 1200 5140 eumpssuosa
1225 4989 1498 5055 blandior
1522 4987 1719 5054 hostia

2276 4333 2337 4384 10
