2900 6042
1140 1407 1269 1453 ms.
1319 1408 1365 1454 1.
1414 1407 1551 1454 sA‘r.
1606 1409 1752 1455 vm.
2361 1392 2486 1455 145

401 1557 509 1623 Ira
534 1558 651 1623 fuit
679 1559 950 1643 capitalis
1002 1567 1072 1623 ut
1099 1561 1309 1625 ultima
1336 1561 1634 1626 divideret
1661 1583 1843 1643 mors,

403 1643 545 1709 Non
575 1647 753 1708 aliam
782 1645 857 1709 ob
887 1666 1130 1712 causam
1180 1648 1295 1711 nisi
1323 1648 1485 1731 quod
1515 1649 1703 1712 virtus
1742 1649 1806 1711 in
1833 1655 2088 1732 utroque

406 1729 654 1794 Summa
683 1732 798 1794 fuit
824 1751 840 1807 ;
887 1731 1006 1794 duo
1036 1732 1085 1795 si
1115 1733 1412 1796 discordia
1447 1743 1623 1797 vexet
1657 1734 1881 1797 inertes
2426 1753 2485 1801 15

402 1816 536 1879 Aut
565 1817 615 1879 si
646 1817 978 1900 disparibus
1008 1818 1231 1881 bellum
1260 1820 1508 1899 incidat,
1540 1829 1608 1883 ut
1637 1819 1914 1884 Diomedi

405 1900 558 1965 Cum
589 1902 777 1986 Lycio
810 1901 1063 1980 Glauce,
1093 1904 1365 1968 discedat
1395 1906 1620 1989 pigrior
1652 1906 1811 1969 ultro

403 1985 758 2051 Muneribus
786 1989 977 2052 missis
999 1989 1054 2072 ε)
1110 1990 1301 2053 Bruto
1331 2001 1607 2075 praetore
1638 1998 1884 2055 tenente

401 2073 608 2136 Ditem
637 2075 849 2137 Asiam
904 2075 1106 2156 Rupili
1138 2084 1199 2138 et
1225 2076 1394 2139 Persi
1426 2099 1535 2160 par
1562 2087 1816 2161 pugnat,
1846 2076 1937 2139 uti
1965 2096 2085 2140 non

404 2157 808 2242 Compositum
838 2160 1047 2223 melius
1078 2181 1214 2223 cum
1243 2162 1425 2225 Bitho
1457 2163 1776 2228 Bacchius.
1868 2162 1945 2225 In
1963 2166 2070 2246 jus
2421 2180 2486 2229 20

399 2243 598 2308 Acres
629 2255 1008 2329 procurrunt,
1038 2268 1320 2329 magnum
1351 2250 1764 2331 spectaculum
1791 2255 2070 2332 uterque.

400 2329 646 2394 Persius
675 2332 916 2414 exponit
944 2351 1226 2408 causam3
1273 2334 1505 2397 ridetur
1536 2335 1611 2396 ab
1641 2334 1801 2397 omni

402 2414 756 2493 Conventu3
803 2416 1011 2479 laudat
1039 2417 1298 2481 Brutum
1329 2418 1657 2502 laudatque
1690 2420 2025 2482 cohortem:

403 2501 606 2566 Solem
633 2503 820 2565 Asiae
867 2501 1125 2565 Brutum
1155 2505 1441 2587 appellat,
1472 2505 1795 2588 stellasque
1825 2504 2098 2567 salubres

378 2588 692 2671 ‚Appellat
719 2588 967 2651 comites
1025 2595 1276 2672 excepto
1308 2590 1481 2672 Rege
1507 2613 1522 2652 ε
1572 2610 1784 2653 canem
1812 2590 2002 2670 illum,
2418 2604 2483 2654 25

400 2673 670 2736 Invisum
701 2673 977 2757 agricolis
1007 2674 1172 2737 sidus
1226 2676 1501 2752 venisse3
1568 2674 1818 2739 Ruebat

399 2758 659 2822 Flumen
685 2767 756 2822 ut
782 2759 1099 2822 hibernum
1128 2760 1322 2824 fertur
1350 2783 1470 2844 quo
1492 2781 1639 2826 rara
1661 2761 1911 2824 securis.

399 2843 557 2908 Tum
586 2843 1015 2908 Praenestinus
1044 2847 1201 2910 salso
1229 2847 1534 2930 multoque
1563 2846 1775 2909 fluenti

399 2930 707 3014 Expressa
732 2931 976 2994 arbusto
1003 2932 1232 3014 regerit
1259 2933 1549 3011 convicia,
1579 2930 1766 2996 durus

398 3014 820 3081 Vindemiator
850 3023 914 3079 et
940 3016 1221 3096 invictus,
1252 3019 1351 3082 cui
1379 3039 1561 3102 saepe
1594 3018 1787 3081 viator
2417 3033 2480 3082 ³⁰

400 3101 696 3165 Cessisset
721 3123 943 3185 magna
967 3104 1326 3187 compellans
1360 3125 1504 3167 voce
1534 3104 1858 3182 cucullum.

397 3187 489 3251 At
518 3186 811 3267 Graecus,
839 3194 1152 3272 postquam
1180 3197 1276 3252 est
1304 3189 1460 3253 Italo
1491 3190 1767 3273 perfusus
1796 3192 1994 3267 aceto,

397 3272 643 3337 Persius
674 3275 1007 3338 exclamat:
1057 3273 1180 3338 Per
1209 3295 1479 3357 magnos,
1508 3275 1725 3354 Brute,
1755 3274 1901 3339 deos
1943 3278 2006 3337 te

401 3356 526 3422 Oro
581 3359 684 3443 qui
712 3380 890 3442 reges
919 3360 1226 3425 consueris
1248 3362 1480 3440 tollere,
1511 3381 1622 3424 cur
1648 3380 1767 3424 non

396 3443 582 3509 Hunc
611 3446 846 3530 Regem
866 3446 1159 3530 jugulas?
1225 3445 1495 3531 Operum
1523 3446 1660 3526 hoc,
1682 3445 1827 3508 mihi
1857 3441 2061 3525 crede,
2090 3448 2332 3508 tuorum
2360 3448 2471 3507 est.

1030 3869 1460 3936 SATIRA
1559 3867 1838 3934 VIII.

395 4045 574 4111 Onm
604 4052 854 4109 truncus
884 4063 1050 4108 eram
1075 4042 1353 4120 ficulnus,
1383 4041 1593 4104 inutile
1622 4042 1874 4125 lignum,

313 4125 328 4135 ⁶
394 4131 549 4196 Cum
570 4131 764 4210 faber,
793 4130 1060 4194 incertus
1089 4149 1398 4192 scamnum
1427 4128 1734 4191 faceretne
1767 4127 2075 4209 Priapum,

392 4217 616 4281 Maluit
644 4237 774 4280 esse
804 4215 1003 4279 deum.
1050 4211 1220 4277 Deus
1248 4213 1389 4276 inde
1420 4234 1533 4296 ego
1586 4214 1786 4277 furum
1814 4213 2135 4295 aviumque

392 4303 662 4367 Maxima
688 4301 978 4366 formido:
1025 4321 1163 4363 nam
1193 4300 1357 4363 fures
1387 4299 1604 4364 dextra
1631 4302 1871 4363 co’e'roet

394 4388 826 4471 Obscoenoque
855 4386 1038 4450 ruber
1065 4393 1378 4469 porrectus
1408 4385 1484 4448 ab
1513 4385 1759 4468 inguine
1789 4384 1961 4467 palus
1988 4403 2007 4462 3
2444 4399 2476 4450 5

393 4477 514 4538 Ast
540 4475 910 4558 importunas
941 4473 1212 4535 volucres
1240 4471 1304 4533 in
1335 4471 1559 4534 vertice
1592 4468 1853 4534 arundo-

390 4561 609 4624 Terret
635 4561 758 4624 fixa
787 4565 1071 4641 vetatque
1101 4557 1269 4620 novis
1299 4556 1612 4622 considere
1639 4556 1700 4618 in
1730 4553 1956 4644 hortis.-

391 4646 536 4710 Huc
565 4645 733 4729 prius
761 4643 1033 4728 angustis
1062 4643 1258 4726 ejecta
1289 4641 1589 4706 cadavera
1616 4639 1782 4705 cellis

392 4732 732 4796 Conservus
760 4730 858 4793 vili
887 4728 1182 4814 portanda
1208 4726 1448 4792 locabat
1476 4728 1539 4790 in
1568 4746 1728 4791 arca.

389 4817 529 4882 Hoc
557 4817 812 4880 miserae
844 4814 1003 4900 plebi
1030 4815 1230 4878 stabat
1258 4833 1570 4878 commune
1599 4811 1965 4897 sepulcrum,
2414 4827 2477 4878 10

391 4901 724 4968 Pantolabo
751 4899 1530 5049 scurraellglomentanoque
1559 4897 1799 4984 nepoti:
