2900 6042
481 1580 536 1646 Ο
566 1601 680 1665 ego
702 1577 999 1659 nmfelix,
1021 1599 1203 1664 quam
1228 1587 1297 1644 tu
1325 1559 1487 1662 fugis
1515 1586 1588 1643 ut
1615 1585 1802 1732 favet
1828 1599 2005 1648 acres

561 1666 748 1751 Agna
773 1667 945 1751 lupos
994 1686 1368 1751 capreaeque
1395 1666 1603 1731 leones

865 2098 877 2109 '
948 2083 1416 2152 CARMEN
1474 2084 1735 2153 XIII.

390 2426 702 2493 HonnmA
732 2431 1058 2510 tempestas
1084 2426 1317 2493 caelum
1344 2427 1644 2492 contraxit
1694 2434 1758 2492 et
1782 2427 2005 2496 imbres

477 2511 787 2596 Nivesque
817 2510 1127 2575 deducunt
1151 2510 1198 2575 J
1198 2531 1408 2588 ovem3
1451 2533 1612 2576 mmo
1641 2534 1829 2594 mare,
1855 2535 2017 2581 nunc
2046 2512 2235 2580 siluae

389 2597 668 2663 Threicio
696 2597 996 2680 Aquilone
1025 2603 1238 2661 sonant
1264 2618 1281 2660 ε
1373 2598 1697 2681 rapiamus,
1727 2599 1925 2680 amici,
2249 2596 2278 2611 ”

480 2680 872 2766 Occasionem
901 2681 977 2746 de
1007 2681 1129 2760 die,
1160 2681 1421 2765 dumque
1453 2683 1650 2746 virent
1678 2703 1877 2766 genua

391 2765 479 2851 Et
508 2766 707 2847 decet,
739 2766 1000 2831 obducta
1028 2768 1293 2830 solvatur
1319 2767 1516 2831 fronte
1546 2775 1847 2833 senectus.

475 2852 571 2916 Tu
600 2853 741 2917 vina
769 2851 1072 2937 Torquato
1099 2866 1271 2916 move
1301 2854 1544 2916 consule
1573 2873 1782 2936 pressa
1807 2875 1963 2920 meo.

394 2934 618 3002 Cetera
643 2938 816 3001 mitte
844 2938 1043 3021 loqui:
1091 2937 1242 3000 deus
1268 2938 1419 3002 haec
1449 2939 1701 3004 fortasse
1729 2939 1993 3024 benigna

476 3023 756 3087 Reducet
785 3022 848 3085 in
880 3023 1084 3086 sedem
1114 3023 1265 3086 vice.
1355 3022 1539 3087 Nunc
1569 3030 1634 3087 et
1661 3020 2074 3092 Achaemenio
2138 3088 2143 3094 .

391 3107 685 3173 Perfundi
712 3107 902 3180 nardo
921 3109 1100 3192 juvat
1149 3115 1213 3172 et
1240 3108 1360 3172 fide
1393 3108 1685 3192 Cyllenea

475 3192 708 3257 Levare
737 3192 881 3256 diris
951 3200 1156 3256 ector-a
1183 3194 1673 3258 sollicitudinibus
1697 3213 1715 3271 ;

389 3277 623 3344 Nobilis
649 3286 722 3343 ut
747 3297 899 3361 gran
942 3277 956 3291 '
990 3278 1210 3342 cecinit
1239 3277 1579 3343 Centaurus
1608 3280 1888 3345 alumno:

475 3361 1027 3444 Invicte,.mortalis
1056 3363 1172 3426 dea
1197 3371 1340 3428 nate
1370 3385 1522 3448 puer
1549 3363 1828 3445 Thetide,

389 3448 478 3513 Te
505 3454 709 3515 manet
735 3449 1024 3513 Assaraci
1053 3449 1253 3529 tellus,
1282 3470 1465 3532 quam
1493 3449 1713 3531 frigida
1740 3447 1911 3533 parvi

472 3533 742 3598 Findunt
773 3532 1126 3598 Scamandri
1150 3534 1396 3598 flumina
1444 3535 1711 3598 lubricus
1739 3541 1803 3598 et
1833 3531 2071 3620 Simois,

386 3616 570 3684 Unde
601 3620 709 3684 tibi
735 3619 995 3684 reditum
1024 3627 1190 3683 certo
1215 3620 1549 3684 subtemine
1580 3619 1812 3683 Parcae

472 3704 741 3789 Rupere,
770 3725 884 3768 nec
913 3712 1106 3768 mater
1135 3704 1375 3769 domum
1405 3705 1651 3768 caerula
1678 3711 1740 3768 te
1768 3703 2041 3771 revehet.

387 3787 524 3855 Illic
554 3810 730 3854 omne
755 3790 977 3853 malum
1008 3790 1146 3853 vino
1175 3796 1477 3872 cantuque
1506 3790 1729 3870 levato,

473 3874 773 3940 Deformis
801 3874 1201 3958 aegrimoniae
1231 3874 1507 3939 dulcibus
1535 3873 1830 3959 alloquiis.

966 4247 1421 4367 cARMEn
1479 4300 1708 4369 ΧΠ.

642 4647 897 4714 Home
923 4642 1141 4709 inertia
1169 4663 1279 4708 cur
1304 4649 1536 4709 tantam
1563 4641 1872 4711 diffuderit
1898 4640 2035 4710 imis

730 4730 1105 4797 Oblivionem
1133 4729 1427 4809 sensibus,

646 4817 875 4884 Pocula
897 4814 1196 4880 Lethaeos
1223 4820 1294 4878 ut
1320 4814 1373 4878 si
1400 4813 1686 4879 ducentia
1711 4831 1949 4879 somnos

727 4903 962 4998 A3rente
991 4901 1167 4964 fauce
1195 4900 1506 4980 traxerim,

2316 3219 2377 3268 10

2313 3639 2375 3690 1⁵
