2900 6042
1222 1461 1343 1508 Ans
1386 1451 1677 1509 PoE‘rIcA.

415 1613 600 1680 Liber
626 1619 691 1679 et
716 1612 1036 1699 ingenuus,
1066 1615 1421 1699 praesertim
1448 1636 1665 1680 census
1694 1621 2035 1700 equestrem

420 1700 726 1765 Summam
754 1722 1125 1764 nummorum
1181 1701 1439 1785 vitioque
1470 1707 1733 1765 remotus
1768 1701 1845 1765 ab
1878 1701 2058 1765 omni.

415 1787 510 1851 Tu
537 1787 683 1849 nihil
712 1786 899 1850 invita
928 1786 1093 1850 dices
1120 1786 1380 1851 faciesve
1407 1786 1724 1865 Minerva3

416 1872 495 1936 Id
524 1872 631 1935 tibi
651 1871 946 1956 judicium
975 1879 1089 1950 est,
1120 1894 1194 1936 ea
1222 1894 1407 1937 mens.
1460 1869 1531 1936 Si
1560 1873 1707 1957 quid
1737 1878 1939 1936 tamen
1969 1872 2110 1937 olim

421 1956 747 2041 Scripseris
798 1956 1092 2022 in'Maeci
1122 1958 1455 2045 descendat
1471 1958 1693 2043 judicis
1723 1978 1901 2021 aures

420 2043 502 2105 Et
530 2043 717 2127 patris
744 2051 810 2106 et
837 2051 1092 2122 nostras,
1120 2064 1463 2124 nonumque
1494 2050 1802 2127 prematur
1827 2043 1892 2108 in
1921 2063 2164 2125 annum,

417 2126 785 2192 Membranis
814 2129 976 2192 intus
1007 2129 1248 2213 positis:
1295 2125 1503 2193 delere
1533 2128 1737 2196 licebit

418 2212 592 2287 Quod
623 2235 741 2276 non
770 2213 1067 2291 edideris;
1113 2214 1307 2278 nescit
1336 2236 1451 2278 vox
1482 2215 1664 2279 missa
1689 2212 1935 2278 reverti.

421 2297 741 2362 Silvestres
769 2299 1035 2364 homines
1063 2320 1236 2364 sacer
1263 2300 1528 2384 interpre
1602 2322 1678 2363 ue
1709 2300 1958 2364 deorum

421 2383 718 2448 Caedibus
747 2392 811 2447 et
840 2385 1003 2447 victu
1032 2385 1207 2449 foedo
1238 2385 1535 2449 deterruit
1624 2385 1869 2469 rpheus,

417 2468 644 2533 Dictus
677 2470 753 2533 ob
783 2470 898 2533 hoc
941 2470 1126 2533 lenire
1158 2470 1345 2553 tigres
1373 2470 1730 2553 rabidosque
1758 2471 2004 2546 leones;

417 2555 633 2619 Dictus
662 2561 727 2618 et
754 2555 1079 2638 Amphion,
1109 2555 1429 2619 Thebanae
1460 2555 1731 2619 conditor
1760 2556 1939 2633 arcis,

421 2639 584 2705 Saxa
609 2661 849 2704 movere
880 2660 1024 2703 sono
1053 2640 1370 2705 testudinis
1398 2648 1465 2704 et
1491 2661 1672 2726 prece
1702 2640 1923 2704 blanda
1997 2700 2002 2705 .

423 2725 660 2789 Ducere
713 2745 832 2808 quo
861 2725 1063 2788 vellet.
1152 2725 1296 2789 Fuit
1320 2726 1472 2790 haec
1502 2726 1796 2810 sapientia.
1823 2723 2151 2810 quondam,

426 2810 670 2874 Publica
699 2810 946 2894 privatis
975 2831 1314 2891 secernere,
1344 2832 1519 2876 sacra
1547 2811 1832 2896 profanis,

421 2895 756 2960 Concubitu
783 2890 1096 2995 probibere
1125 2918 1302 2981 vago,
1332 2896 1479 2961 dare
1498 2898 1644 2983 jura
1669 2896 1918 2976 maritis,

421 2981 662 3066 Oppida
689 2982 901 3061 moliri,
932 2982 1100 3066 leges
1128 2982 1394 3047 incidere
1424 2983 1630 3066 ligno:
1685 3008 1698 3019 ·

421 3065 524 3132 Sic
555 3067 742 3131 honor
768 3074 832 3132 et
860 3088 1076 3132 nomen
1105 3068 1319 3134 divinis
1347 3069 1584 3133 vatibus
1617 3075 1801 3218 atffire

420 3151 796 3217 Carminibus
825 3155 1011 3217 venit.
1102 3155 1250 3220 Post
1275 3155 1382 3219 hos
1411 3154 1660 3238 insignis
1756 3174 2016 3235 omerus,

417 3237 470 3302 Τ
645 3259 836 3322 usque
865 3260 1062 3304 mares
1090 3240 1314 3305 animos
1343 3241 1407 3305 in
1433 3240 1662 3305 Martia
1688 3239 1848 3305 bella

433 3382 437 3386 Α
484 3323 714 3388 ersibus
743 3325 983 3389 exacuit
1006 3345 1024 3403 3
1070 3325 1268 3390 dictae
1297 3348 1408 3411 per
1436 3326 1704 3391 carmina.
1728 3333 1943 3406 sortes,

419 3409 503 3473 Et
531 3409 692 3473 vitae
719 3419 1046 3475 monstrata.
1073 3412 1173 3475 via
1199 3417 1292 3476 est
1308 3429 1326 3487 3
1343 3418 1407 3477 et
1434 3412 1633 3496 gratia
1660 3432 1874 3495 regum

418 3495 633 3560 Pieriis
662 3503 895 3559 tentata.
921 3496 1153 3573 modis;
1191 3492 1496 3580 ludusque
1526 3492 1811 3582 repertus

420 3580 505 3644 Et
532 3583 842 3664 longorum
865 3601 1114 3664 operum
1139 3581 1315 3645 finis:
1362 3604 1439 3646 ne
1469 3585 1626 3648 forte
1655 3580 1870 3668 pudori

422 3665 518 3729 Sit
547 3666 653 3730 tibi
682 3665 864 3729 Musa.
890 3666 1061 3750 lyrae
1091 3668 1302 3731 sollers
1331 3673 1398 3730 et
1424 3675 1641 3734 cantor
1668 3665 1909 3753 Apollo.

420 3751 485 3816 N
486 3759 664 3815 stura
689 3751 866 3814 fieret
889 3750 1190 3833 laudabile
1221 3771 1465 3815 carmen
1519 3771 1598 3815 an
1627 3759 1783 3828 arte,

422 3836 774 3912 Quaesitum
804 3842 936 3913 est;
982 3857 1096 3920 ego
1124 3856 1236 3900 nec
1265 3836 1530 3899 studium
1559 3835 1686 3900 sine
1717 3834 1902 3899 divite
1932 3855 2091 3900 vena

421 3922 485 3986 N
487 3943 558 3987 ec
589 3921 742 3985 rude
773 3920 919 4004 quid
948 3920 1132 4005 possit
1158 3920 1333 3985 video
1362 3921 1706 4005 ingenium:
1754 3920 2000 3986 alterius
2030 3920 2118 3986 sio

421 4007 640 4072 Altera
668 4007 861 4090 poscit
886 4027 1060 4090 opem
1089 4026 1188 4070 res
1217 4013 1281 4070 et
1304 4009 1577 4092 conjurat
1604 4008 1816 4072 amice.

422 4093 541 4167 Qui
572 4092 778 4157 studet
805 4099 1070 4176 optatam
1098 4112 1279 4156 eursu
1307 4094 1656 4176 contingere
1684 4100 1907 4156 metam

421 4178 622 4243 Multa
650 4177 788 4240 tulit
814 4178 1078 4262 fecitque
1108 4198 1280 4261 puer,
1312 4178 1552 4243 sudavit
1581 4185 1646 4242 et
1674 4179 1833 4257 alsit,

420 4264 733 4329 Abstinuit
762 4284 982 4326 venere
1012 4271 1076 4326 et
1105 4263 1241 4327 vino
1266 4282 1283 4340 ;
1328 4263 1433 4347 qui
1464 4263 1689 4348 Pythia
1716 4268 1924 4327 cantat

421 4351 669 4415 Tibicen
721 4347 931 4412 didicit
959 4349 1123 4433 prius
1153 4349 1545 4433 extimuitque
1574 4349 1949 4432 magistrum.

421 4436 559 4500 Nec
604 4436 752 4500 satis
795 4441 891 4499 est
928 4434 1185 4498 dixisse:
1226 4439 1267 4472 “
1296 4434 1432 4518 Ego
1459 4433 1616 4507 mira
1644 4438 1888 4520 po'emat
1951 4452 2200 4520 pango3

424 4520 700 4604 Occupet
727 4527 1061 4584 extremum
1090 4519 1321 4585 scabies
1347 4540 1364 4596 ;
1409 4520 1552 4583 mihi
1582 4534 1758 4605 turpe
1789 4540 1854 4584 re
1879 4519 1893 4533 ‘
1940 4520 2042 4605 qui
2073 4523 2170 4584 est

424 4606 507 4669 Et
557 4605 719 4689 quod
745 4626 865 4668 non
896 4605 1079 4670 didici
1130 4625 1275 4669 sane
1304 4606 1538 4669 nescire
1567 4604 1817 4670 sateri.”

422 4692 512 4756 Ut
538 4711 781 4775 praeco,
811 4690 890 4755 ad
918 4711 1152 4761 merces
1179 4690 1416 4754 turbam
1447 4691 1553 4774 qui
1583 4691 1746 4774 co'git
1772 4690 2080 4770 emendas,

422 4778 850 4841 Assentstores
881 4778 1047 4841 ‘ubet
1074 4775 1153 4840 ad
1181 4777 1416 4839 lucrum
1438 4776 1526 4839 ire
1558 4778 1737 4860 poeta

424 4862 612 4928 Dives
640 4863 827 4947 agris,
855 4800 1023 4926 dives
1051 4861 1257 4945 positis
1285 4861 1349 4924 in
1377 4862 1583 4925 fenore
1612 4858 1888 4924 nummis·

426 4946 494 5013 Si
525 4970 667 5014 vero
694 4955 790 5013 est
833 4955 1080 5032 unctum
1111 4947 1412 5096 3¹53oeoe
1442 4967 1666 5033 ponere
1698 4944 1886 5035 possit

2365 1443 2489 1507 283

2400 3085 2496 3135 400

2401 3512 2498 3563 ⁴oe

2401 3936 2498 3987 410

2402 4367 2498 4418 415
