2900 6042
990 1985 1068 2064 Q.
1126 1986 1503 2054 HORATH
1557 1985 1875 2054 FLACGI

635 2205 2199 2301 EPISTOLARUM

1143 2472 1370 2534 LIBER
1417 2478 1720 2536 PRIMUS.

1278 2713 1589 2762 -4-

1085 2931 1636 2999 EPISTOLA
1693 2933 1763 3000 Ι.

386 3105 614 3173 PRIMA
646 3105 807 3171 dicte
834 3104 1001 3185 mihi,
1029 3125 1261 3170 summa
1288 3103 1541 3170 dicende
1574 3104 1863 3189 Camena,

394 3192 441 3258 S
521 3200 751 3257 etatum
781 3191 927 3256 satis
956 3197 1021 3255 et
1048 3190 1335 3254 donatum
1352 3191 1484 3277 jam
1513 3191 1664 3257 rude
1694 3193 1959 3278 quaeris,

463 3298 740 3357 aeeenas,
768 3277 987 3341 iterum
1015 3277 1260 3362 antiquo
1290 3298 1385 3340 me
1415 3277 1723 3343 includere
1752 3278 1912 3344 ludo.

390 3363 535 3428 Non
562 3364 772 3428 eadem
804 3370 896 3427 est
925 3369 1114 3440 aetas,
1142 3383 1263 3426 non
1290 3384 1481 3426 mens.
1568 3361 1864 3429 Veianius
1891 3365 2075 3431 armis
2311 3403 2316 3408 ·

388 3448 676 3516 Herculis
705 3449 782 3512 ad
812 3455 1042 3533 postem
1068 3449 1202 3512 fixis
1229 3449 1383 3511 latet
1413 3448 1653 3513 abditus
1686 3470 1855 3532 agro,
2426 3472 2466 3528 ς

389 3532 491 3600 Ne
525 3535 808 3620 populum
837 3542 1105 3597 extrema
1134 3533 1309 3597 toties
1338 3541 1547 3597 exoret
1576 3554 1779 3597 arena.

389 3619 506 3686 Est
533 3621 676 3684 mihi
705 3627 1022 3706 purgatam
1054 3618 1263 3682 crebro
1292 3620 1395 3703 qui
1423 3625 1706 3702 personet
1743 3639 1992 3684 aurem:

393 3705 571 3770 Solve
601 3711 1012 3771 senescentem
1040 3711 1274 3767 mature
1304 3724 1485 3767 sanus
1516 3724 1759 3787 equum,
1788 3726 1866 3769 ne

390 3790 621 3856 Peeeet
648 3790 728 3855 ad
758 3798 1091 3854 extremum
1118 3787 1404 3851 ridendus
1433 3796 1499 3851 et
1526 3789 1629 3852 ilia
1658 3787 1863 3854 ducat.

383 3876 575 3943 ,Nune
606 3877 809 3960 itaque
840 3880 905 3937 et
932 3894 1141 3937 versus
1171 3880 1235 3935 et
1262 3879 1467 3936 cetera.
1494 3873 1728 3938 ludicra
1754 3895 1932 3959 pono,
2403 3899 2465 3949 lo

392 3958 553 4037 Quid
585 3982 794 4025 verum
824 3967 1006 4043 atque
1037 3958 1260 4022 decens
1290 3979 1434 4022 euro
1466 3966 1530 4022 et
1557 3980 1724 4044 rogo,
1749 3967 1814 4024 et
1842 3960 2031 4026 omnis
2057 3960 2121 4027 in
2146 3960 2263 4028 hoe
2290 3982 2461 4041 sum3

393 4047 604 4113 Condo
637 4053 701 4109 et
730 4065 1016 4129 compono
1043 4065 1200 4129 quae
1227 4065 1365 4108 mox
1393 4043 1744 4129 depromere
1773 4047 2013 4131 possim.

388 4133 489 4198 Ac
523 4154 599 4196 ne
631 4132 785 4195 forte
815 4151 992 4215 roges
1044 4151 1164 4214 quo
1190 4150 1287 4193 me
1317 4129 1496 4212 duee,
1525 4152 1645 4216 quo
1673 4132 1801 4196 lare
1832 4139 2018 4218 tuter,

391 4217 635 4283 Nullius
664 4217 939 4281 addictus
957 4217 1168 4302 jurare
1198 4217 1258 4279 in
1289 4217 1474 4281 verba
1502 4218 1774 4302 magistri

392 4303 526 4378 Quo
554 4325 651 4380 me
701 4324 936 4387 cunque
966 4303 1124 4386 rapit
1154 4310 1500 4387 tempestas,
1531 4304 1769 4368 deferor
1796 4303 2033 4389 hospes·
2405 4326 2466 4375 15

389 4387 573 4453 Nune
605 4389 776 4473 agilis
804 4390 882 4452 fio
915 4397 979 4451 et
1004 4409 1232 4452 mersor
1263 4388 1533 4453 civilibus
1564 4390 1761 4469 undiS,

389 4474 652 4538 'Virtutis
682 4496 859 4538 verae
892 4481 1091 4538 eustos
1120 4474 1468 4557 rigidusque
1498 4475 1738 4539 satelles
1765 4495 1782 4551 ;

391 4558 574 4624 Nune
605 4561 667 4624 in
697 4560 990 4644 Aristippi
1021 4560 1226 4623 furtim
1255 4569 1580 4643 praecept-a
1608 4561 1864 4640 relabor,

391 4643 477 4709 Et
504 4647 647 4709 mihi
675 4667 773 4709 res
824 4667 944 4708 non
973 4666 1068 4708 me
1101 4645 1280 4707 rebus
1308 4645 1672 4729 subjungere
1703 4652 1924 4711 conor.'
1973 4680 1984 4687 ·

390 4729 486 4796 Ut
511 4753 629 4796 nox
655 4733 835 4815 longa
864 4731 1079 4816 quibus
1107 4730 1394 4793 ment-itur
1423 4733 1637 4811 amica,
1666 4731 1916 4816 diesque
2402 4749 2468 4802 ω

389 4812 606 4901 Longa
635 4817 875 4881 videtur
903 4837 1052 4900 opus
1082 4816 1461 4896 debentibus,
1489 4824 1560 4880 ut
1587 4818 1761 4902 piger
1789 4837 1981 4883 annus

388 4900 646 4989 Pupinia
697 4923 847 4988 quos
876 4902 1277 5050 ἀωΙῐὲι-οωίι
1305 4901 1579 4967 custodia
1604 4911 1863 4968 matt-mn
1889 4924 1908 4982 ;
