2900 6042
620 1258 794 1306 omniun

498 1579 725 1647 OARMEN
753 1578 918 1647 XXIX.

360 1924 543 1990 meme
557 1941 662 2003 regum
673 1920 844 2004 progenies,
859 1918 912 1984 nti

361 2009 433 2075 Non
448 2014 518 2071 ante
532 2027 618 2069 verso
632 2006 700 2069 lene
714 2026 831 2069 merum
845 2005 920 2070 codo

403 2091 482 2158 Oum
495 2093 578 2169 flore,
592 2089 766 2169 Maecenas,
780 2110 915 2154 mearum
940 2094 974 2154 et

446 2177 557 2240 Pressa
570 2175 629 2237 tuis
643 2175 769 2238 balanus
784 2194 821 2237 ca
840 2174 898 2238 illis

361 2260 385 2327 J
385 2261 546 2326 amdudum
561 2259 641 2343 apud
655 2279 703 2322 me
718 2266 776 2322 est.
820 2196 913 2343 iiripe
927 2262 959 2322 te
972 2274 1095 2337 mone3
1211 2275 1231 2326 ι

362 2347 414 2413 Ne
429 2366 548 2430 semper
560 2343 653 2407 udum
668 2342 763 2407 Tibur
776 2350 809 2407 et
822 2344 957 2409 Aesulae

404 2431 529 2497 Declive
544 2428 752 2512 contempleris
767 2449 872 2492 arvum
886 2434 919 2493 et

446 2514 590 2596 Telegoni
599 2514 676 2597 juga
690 2513 868 2597 parricidae.

362 2599 560 2665 Fastidiosam
574 2598 680 2661 desere
695 2597 811 2681 copiam
825 2604 857 2662 et

361 2685 473 2750 Molem
488 2683 683 2767 propinquam
697 2683 827 2746 nubibus
838 2681 958 2758 arduis3

408 2769 521 2835 Omitte
535 2767 637 2831 mirari
654 2767 762 2830 beatae

452 2852 581 2916 Fumum
595 2858 627 2914 et
641 2872 712 2935 opes
727 2851 944 2936 strepitumque
958 2850 1085 2917 Romae.

364 2937 546 3020 Plerumque
561 2944 665 3018 gratae
681 2936 822 3000 divitibus
836 2936 929 3016 vices,

363 3021 557 3104 Mundaeque
573 3042 664 3105 parvo
678 3022 734 3084 sub
748 3021 812 3085 lare
827 3041 993 3106 pauperum

408 3106 527 3171 coenae
541 3106 605 3169 sine
620 3106 732 3170 aulaeis
747 3113 779 3171 et
792 3114 872 3170 ostro

448 3188 611 3254 Sollicitam
626 3192 796 3275 explicuere
811 3192 951 3255 frontem.

364 3274 388 3341 J
388 3296 437 3340 sm
451 3276 550 3339 clarus
564 3277 713 3339 occultum
729 3276 941 3339 Andromedae
955 3281 1045 3361 pater

367 3359 509 3426 Ostendit
522 3361 633 3444 ignem,
643 3362 708 3445 jam
723 3362 862 3446 Procyon
876 3361 952 3425 furit

314 3452 318 3461 '
405 3445 448 3511 Et
461 3448 549 3510 stella
563 3448 665 3510 vesani
681 3446 801 3525 Leonis,

451 3532 520 3597 Sole
536 3531 600 3596 dies
611 3532 761 3596 referente
775 3533 879 3596 siccos.
997 3552 1001 3560 ·

362 3618 386 3681 J
386 3638 435 3681 am
450 3624 553 3702 pastor
565 3618 686 3682 umbras
702 3639 771 3681 oum
786 3637 879 3700 grego
893 3612 1037 3698 languido

362 3701 531 3786 Rivumque
546 3703 643 3766 fessus
658 3704 822 3784 quaeritet
836 3700 950 3764 horridi

404 3786 536 3850 Dumeta
552 3786 674 3867 Silvani,
709 3794 853 3869 caretque

449 3870 530 3951 Ripa
541 3871 625 3951 vagis
640 3870 791 3932 taciturna
804 3870 914 3934 ventis.

363 3950 411 4015 Tu
436 3952 589 4015 civitatem
600 3952 666 4033 quie
681 3952 790 4015 deceat
803 3958 900 4018 status

364 4033 461 4099 Cures
475 4042 507 4097 et
520 4033 600 4098 Urbi
613 4035 755 4097 sollicitus
769 4037 855 4098 times

408 4117 487 4194 Quid
504 4118 595 4183 Seres
610 4126 641 4182 et
655 4126 782 4202 regnata
797 4118 878 4204 Cyro

449 4206 563 4269 Baetra
576 4212 684 4289 parent
697 4204 866 4288 Tanaisque
881 4202 1005 4270 discors.

362 4290 502 4356 Prudens
515 4291 609 4354 futuri
624 4291 764 4375 temporis
779 4292 892 4355 exitum

364 4374 534 4461 Onliginosa
546 4384 634 4441 nocte
649 4377 758 4461 premit
771 4377 858 4457 deus,

406 4463 559 4547 Ridetque
585 4465 610 4526 si
625 4464 757 4528 mortalis
771 4463 852 4527 ultra

448 4548 508 4612 Fas
523 4550 663 4633 trepidat.
708 4548 796 4623 Quod
810 4548 897 4611 adest
909 4549 1060 4610 memento

365 4628 548 4718 Oomponere
564 4655 677 4718 aequus
695 4653 704 4711 ;
721 4641 824 4698 cetera
837 4631 965 4696 fluminis

366 4713 441 4782 Ritu
453 4720 601 4798 feruntur,
615 4740 695 4784 nnuc
709 4719 807 4783 medio
821 4737 951 4800 aequore
