2900 6042
228 1270 292 1338 162
656 1286 842 1334 ssmnsnuu

179 1495 188 1513 .
226 1443 349 1508 Excitat
361 1444 417 1507 hoc
432 1447 541 1527 pacto:
565 1462 697 1505 mensam
712 1441 782 1524 poni
791 1441 881 1524 jubet
895 1446 986 1524 atque

225 1529 347 1594 Effundi
362 1549 464 1592 saccos
480 1549 677 1605 nummorum,
692 1527 838 1590 accedere
855 1527 955 1610 plures

225 1615 278 1678 Ad
293 1615 511 1677 numerandum
525 1635 533 1687 ;
555 1614 703 1676 hominem
719 1614 761 1676 sic
778 1613 885 1695 erigit;
908 1613 993 1676 addit
1008 1618 1041 1676 et
1056 1613 1149 1679 illud:
1217 1633 1264 1683 150

226 1700 267 1763 Ni
284 1710 337 1764 tua
351 1701 482 1763 custodis
509 1699 614 1761 avidus
623 1700 688 1781 jam
703 1699 778 1761 haec
795 1700 913 1761 auferet
927 1699 1026 1762 heres.

225 1786 309 1849 Men'
327 1785 419 1849 vivo?
465 1784 510 1848 Ut
524 1785 607 1847 vivas
622 1785 715 1866 igitur
740 1785 841 1865 vigila.
888 1784 955 1848 Hoc
971 1783 1048 1869 agel
1093 1778 1265 1860 Quidvis?

225 1872 377 1947 Deficient
391 1872 508 1953 inopem
524 1891 618 1932 venae
634 1879 664 1932 te
692 1871 723 1931 ni
739 1871 822 1932 cibus
837 1878 928 1952 atque

224 1956 470 2040 Ingeusaccedit
484 1956 635 2018 stomacho
650 1955 765 2018 fultura
779 1956 889 2017 ruenti.

179 2045 182 2050 ’
225 2040 410 2107 lacessas?
457 2041 611 2123 Agedum,
627 2062 710 2103 sume
727 2042 782 2102 hoc
798 2041 993 2124 ptisanarium
1010 2061 1129 2124 oryzae.
1219 2064 1265 2111 1⁵5

226 2128 338 2203 Quanti
347 2127 489 2211 emptae?
513 2126 621 2189 Parvo.
668 2125 780 2198 Quanti
796 2126 891 2208 ergo?
931 2125 1119 2190 Octussibus.
1155 2127 1263 2192 Eheu!

226 2213 306 2288 Quid
321 2214 425 2291 refert,
441 2212 542 2275 morbo
557 2233 595 2274 au
611 2211 700 2274 furtis
715 2232 894 2294 pereamque
906 2213 1018 2296 rapinis
1027 2210 1040 2292 i
1050 2249 1095 2260 -

226 2298 369 2374 Quisnam
385 2300 476 2381 igitur
490 2295 604 2361 sanus?
649 2296 709 2370 Qui
723 2319 783 2360 nou
797 2298 917 2360 stultus.
963 2295 1042 2370 Quid
1058 2295 1190 2362 avarus?

227 2384 344 2451 Stultus
359 2392 391 2448 et
404 2385 535 2447 insanus
582 2381 672 2462 Quid,
687 2383 713 2445 si
728 2382 795 2465 quis
808 2403 869 2446 nou
884 2383 923 2446 sit
937 2404 1057 2462 svamm,

226 2470 374 2534 Continuo
390 2468 505 2533 senus?
550 2466 685 2531 Minime.
733 2467 806 2545 Cur,
824 2466 951 2532 Stoice?
995 2468 1114 2534 Dicam.
1220 2489 1265 2538 160

129 2571 132 2577 '
224 2556 296 2621 Non
313 2565 360 2621 est
374 2556 529 2620 cardiacus
541 2591 583 2602 —
594 2553 753 2617 Craterum
768 2554 877 2617 dixisse
896 2560 1051 2638 putato—

225 2642 287 2707 Hic
303 2664 412 2725 aeger:
436 2649 519 2706 recte
535 2648 582 2703 est
596 2641 689 2723 igitur
702 2640 894 2724 surgetque?
938 2639 1083 2725 Negabit,

226 2728 314 2804 Quod
328 2731 406 2792 latus
421 2735 474 2791 eut
488 2748 576 2790 renes
590 2726 692 2789 morbo
707 2734 863 2788 tentantur
877 2735 976 2789 acuto.
1012 2740 1036 2787 υ

225 2814 258 2878 N
259 2837 296 2878 on
313 2823 359 2878 est
373 2815 510 2897 perjurus
526 2833 623 2895 neque
636 2811 773 2875 sordidus
788 2832 796 2887 ;
817 2812 950 2874 immolet
964 2810 1068 2895 aequis

225 2897 287 2963 Hic
303 2920 425 2983 porcum
435 2899 575 2961 Laribus:
599 2919 702 2964 verum
712 2897 883 2961 ambitiosus
898 2905 931 2960 et
945 2897 1044 2961 audax
1058 2917 1066 2974 ;
1100 2919 1106 2930 ·
1220 2917 1265 2966 165

225 2985 360 3067 Naviget
375 2985 565 3066 Anticyram.
611 2983 690 3058 Quid
706 2985 786 3046 enim
801 2984 910 3061 differt,
926 2983 1105 3046 barathrone

226 3069 328 3134 Dones
344 3070 485 3153 quidquid
500 3069 604 3148 habes,
619 3091 657 3132 au
672 3090 825 3152 nunquam
840 3077 926 3132 utare
942 3066 1079 3152 paratis?

228 3154 352 3220 Servius
368 3153 515 3238 Oppidius
531 3153 642 3218 Canusi
657 3155 716 3217 duo
732 3154 866 3237 praedia,
881 3154 965 3219 dives

226 3241 362 3324 Antiquo
378 3262 481 3320 ceusu,
496 3241 594 3322 gnatis
610 3239 718 3302 divisse
740 3239 856 3302 duobus

226 3326 339 3391 Fertur
353 3333 385 3389 et
399 3327 454 3389 hoc
469 3326 596 3388 moriens
611 3326 712 3408 pueris
728 3325 836 3387 dixisse
853 3325 965 3402 vocatis

227 3413 279 3476 Ad
294 3413 424 3476 lectum:
449 3412 611 3494 Postquam
628 3419 657 3473 te
673 3412 760 3488 talos,
775 3410 867 3486 Aule,
883 3432 1036 3495 nucesque
1153 3413 1162 3429 ⁸

226 3497 321 3562 Ferre
337 3499 404 3562 sinu
419 3499 495 3575 laxo,
511 3497 622 3560 donare
638 3504 670 3559 et
683 3497 788 3559 ludere
808 3497 879 3574 vidi,

227 3583 282 3662 Te,
298 3585 410 3660 Tiberi,
425 3603 594 3659 numerare,
610 3582 691 3645 cavis
706 3582 889 3645 abscondere
910 3583 1048 3660 tristem;

226 3670 372 3748 Extimui,
387 3691 425 3732 ue
440 3691 492 3731 vos
509 3675 616 3751 ageret
630 3668 752 3731 vesania
766 3667 890 3744 discors,

226 3756 274 3820 Tu
290 3756 523 3831 Nomentanum,
540 3762 573 3816 tu
588 3775 626 3816 ne
642 3774 803 3836 sequerere
819 3749 967 3816 Cicutam.

133 3870 135 3875 ·
228 3841 329 3914 Quare
345 3840 496 3924 perdives
511 3846 754 3922 oratusuterque
770 3838 913 3917 Penates,

228 3927 274 3990 Tu
286 3947 358 3989 cave
374 3947 412 3988 ue
426 3926 553 4003 minuas,
568 3933 602 3987 tu
617 3946 654 3987 ne
669 3925 765 4007 majus
780 3924 873 3988 facias
887 3925 920 3987 id

228 4011 314 4085 Quod
330 4012 402 4075 satis
418 4031 483 4074 esse
498 4018 586 4094 putat
601 4016 686 4094 pater
701 4017 734 4072 et
747 4018 856 4073 natura
878 4011 1007 4073 coercet.

227 4097 393 4161 Praeterea
407 4118 445 4158 ne
461 4117 511 4158 vos
527 4096 628 4158 titillet
642 4095 737 4178 gloria
757 4095 827 4178 jure

226 4183 248 4246 J
251 4182 364 4245 arando
379 4181 560 4264 obstringam
576 4181 681 4243 ambo:
705 4188 774 4242 uter
789 4179 893 4243 aedilis
907 4179 1037 4243 fueritve
1061 4251 1064 4259 ,

227 4268 372 4331 Vostrum
388 4275 518 4350 praetor,
534 4267 559 4329 is
574 4265 751 4329 intestabilis
766 4271 797 4327 et
808 4286 898 4328 sacer
913 4275 987 4328 esto.

227 4353 265 4416 In
281 4353 378 4415 cicere
394 4359 485 4435 atque
500 4352 570 4415 faba
584 4352 661 4414 bona
676 4360 711 4414 tu
727 4351 895 4434 perdasque
910 4351 1030 4432 lupinis,

228 4439 322 4502 Latus
336 4438 415 4500 utin
431 4440 510 4500 circo
525 4439 654 4521 spatiere
670 4446 702 4499 et
725 4442 838 4500 aeneus
863 4443 899 4500 ut
913 4445 986 4513 stes,

228 4524 338 4587 Nudus
354 4524 445 4606 agris,
461 4524 559 4586 nudus
574 4523 713 4600 nummis,
729 4524 843 4599 insane,
859 4522 993 4605 paternis
1006 4542 1015 4598 ;

229 4609 353 4672 Scilicet
367 4617 402 4675 ut
416 4610 537 4692 plausus
563 4630 637 4692 quos
652 4610 712 4672 fert
727 4608 875 4690 Agrippa,
890 4607 971 4671 feras
986 4614 1031 4687 tu,

228 4694 341 4756 Astuta
355 4694 517 4776 ingenuum
533 4696 637 4776 vulpes
652 4694 768 4756 imitata
781 4695 898 4755 leonem
911 4692 918 4756 l
929 4728 974 4740 -
1137 4709 1139 4714 '

227 4777 259 4842 N
262 4801 278 4841 e
294 4779 361 4864 quis
374 4781 512 4843 humasse
530 4780 601 4842 velit
616 4780 755 4864 Ajacem,
771 4778 893 4856 Atrida,
910 4785 994 4842 vetas
1010 4798 1064 4842 cur
1080 4776 1095 4841 ‘l
