2900 6042
1065 1605 1196 1652 LIB.
1243 1605 1320 1652 11.
1365 1604 1564 1652 cARM.
1612 1606 1708 1653 1x.

775 1747 957 1823 Adde
1012 1759 1174 1843 quod
1202 1759 1393 1859 pubes
1423 1758 1532 1823 tibi
1567 1760 1787 1825 crescit
1815 1760 2026 1843 omnis,

777 1843 1051 1909 Servitus
1082 1846 1303 1908 crescit
1343 1865 1503 1909 nova
1544 1867 1659 1911 nec
1713 1847 1942 1931 priores
1993 1903 1997 1906 .

774 1930 1007 2016 Impiae
1039 1937 1266 1994 tectum
1297 1930 1572 1995 dominae
1602 1933 1952 2016 relinquunt

1121 2015 1319 2101 Saepe
1350 2017 1578 2080 minati.

773 2102 862 2166 ΤΘ
892 2102 1016 2166 suis
1046 2109 1271 2166 matres
1301 2103 1626 2166 metuunt
1598 2103 1900 2187 juvencis,

774 2188 862 2253 Te
893 2209 1070 2251 senes
1103 2189 1271 2272 parci
1323 2188 1700 2273 miseraeque
1730 2211 1927 2274 nuper

773 2273 1064 2362 Virgines
1092 2281 1341 2357 nuptae,
1372 2280 1482 2338 tua
1507 2296 1585 2338 ne
1616 2275 1893 2340 retardet

1116 2359 1295 2424 Aura
1321 2361 1588 2424 maritos.

1052 2786 1513 2853 CARMEN
1569 2786 1725 2852 IX.

647 3121 650 3124 ’
774 3131 929 3197 Nou
956 3108 1193 3230 semper
1220 3129 1441 3194 imbres
1468 3128 1725 3194 nubibus
1751 3127 2019 3230 hispidos

771 3216 1073 3283 Manant
1057 3240 1120 3280 ιιι
1150 3237 1326 3300 agros
1363 3222 1472 3280 aut
1498 3235 1665 3280 mare
1697 3213 1874 3280 Cas
1817 3238 1981 3301 plum

775 3326 788 3345 ³
860 3303 1111 3369 Vexant
1136 3303 1485 3387 inaequales
1519 3238 1879 3386 procellaePl

749 3463 754 3466 ¹
951 3387 1187 3472 Usque,
1215 3410 1330 3453 nec
1358 3387 1711 3452 Armeniis
1693 3410 1759 3452 m
1787 3387 1930 3471 oris,

773 3472 990 3539 Amice
1019 3474 1228 3558 Valgi,
1259 3479 1383 3538 stat
1410 3474 1636 3558 glacies
1664 3473 1830 3538 iners

772 3559 1020 3625 Menses
1048 3582 1160 3645 per
1192 3581 1397 3624 omnes
1450 3567 1557 3623 aut
1583 3559 1988 3644 Aquilonibus

753 3671 758 3676 ·
860 3645 1166 3720 Querceta
1195 3645 1468 3729 Gargani
1494 3645 1770 3710 laborant

943 3732 1028 3795 Et
1055 3732 1210 3796 foliis
1239 3732 1567 3795 viduantur
1594 3731 1759 3795 orni.

771 3817 869 3883 'ru
897 3837 1135 3902 semper
1162 3837 1345 3900 urges
1372 3816 1667 3880 flebilibus
1694 3815 1934 3881 modis

770 3900 1022 3988 Mysten
1051 3903 1425 3987 ademptum,
1444 3922 1559 3965 nec
1591 3901 1700 3965 tibi
1728 3900 2004 3986 Vespero

868 3986 1172 4070 Surgente
1202 3987 1509 4051 decedunt
1537 4007 1769 4050 amores

947 4071 1083 4137 Nec
1114 4073 1388 4157 rapidum
1416 4072 1689 4156 fugiente
1722 4069 1944 4137 Solem.

774 4157 871 4223 At
894 4180 1016 4222 non
1044 4166 1142 4223 ter
1169 4180 1319 4223 aevo
1348 4158 1594 4222 functus
1625 4157 1940 4223 amabilem

773 4242 1045 4309 Ploravit
1072 4266 1277 4309 omnes
1307 4244 1700 4309 Antilochum
1730 4264 1917 4309 senex

855 4329 1104 4409 Annos,
1102 4352 1233 4395 nec
1264 4331 1566 4414 impubem
1596 4336 1879 4414 parentes

943 4379 1205 4497 Troilon,
1235 4425 1341 4480 aut
1371 4416 1678 4501 Phrygiae
1709 4435 1944 4480 sorores

771 4500 1027 4572 Flevere
1058 4524 1316 4586 semper.
1406 4502 1634 4566 Desine
1663 4500 1930 4565 mollium

771 4585 1041 4653 Tandem
1070 4589 1477 4672 querelarum,
1507 4595 1572 4651 et
1599 4587 1796 4671 potius
1826 4605 1983 4651 nova

860 4671 1188 4737 Cantemus
1218 4673 1486 4756 Augusti
1516 4680 1765 4757 tropaea

949 4757 1226 4822 Caesaris
1279 4764 1343 4821 et
1369 4757 1631 4840 rigidum
1660 4755 1995 4840 Niphaten,

771 4841 1144 4929 Medumque
1172 4844 1396 4906 flumen
1425 4843 1705 4925 gentibus
1734 4840 2007 4906 additum

770 4927 971 4995 Victis
1023 4930 1280 4993 minores
1309 4930 1555 4993 volvere
1587 4927 1869 5007 vertices,

858 5013 1159 5165 Intraque
1181 5014 1627 5100 praescriptum
1656 5011 1919 5080 Gelonos

940 5101 1195 5185 Exiguis
1224 5102 1502 5187 equitare
1532 5099 1781 5185 campis.

2350 1593 2437 1663 39

2371 3927 2434 3979 10

2369 4353 2435 4405 15
