<?xml version="1.0" encoding="UTF-8"?>
<!DOCTYPE html PUBLIC "-//W3C//DTD XHTML 1.0 Transitional//EN"
    "http://www.w3.org/TR/xhtml1/DTD/xhtml1-transitional.dtd">
<html xmlns="http://www.w3.org/1999/xhtml" xml:lang="en" lang="en">
 <head>
  <title>
</title>
<meta http-equiv="Content-Type" content="text/html;charset=utf-8" />
  <meta name='ocr-system' content='tesseract 3.04.00' />
  <meta name='ocr-capabilities' content='ocr_page ocr_carea ocr_par ocr_line ocrx_word'/>
</head>
<body>
  <div class='ocr_page' id='page_1' title='image "./workshoracewith00beckgoog_0233.png"; bbox 0 0 2900 6042; ppageno 0'>
   <div class='ocr_carea' id='block_1_1' title="bbox 304 598 2732 1148">
    <p class='ocr_par' dir='ltr' id='par_1_1' title="bbox 304 598 2732 1148">
     <span class='ocr_line' id='line_1_1' title="bbox 304 598 2732 1148; baseline 0 4894"><span class='ocrx_word' id='word_1_1' title='bbox 304 598 2732 1148; x_wconf 95' lang='lat' dir='ltr'> </span> 
     </span>
    </p>
   </div>
   <div class='ocr_carea' id='block_1_2' title="bbox 476 1457 1733 1523">
    <p class='ocr_par' dir='ltr' id='par_1_2' title="bbox 476 1457 1733 1523">
     <span class='ocr_line' id='line_1_2' title="bbox 476 1457 1733 1523; baseline 0.002 -3"><span class='ocrx_word' id='word_1_2' title='bbox 476 1457 601 1521; x_wconf 80' lang='lat'>216</span> <span class='ocrx_word' id='word_1_3' title='bbox 1289 1476 1733 1523; x_wconf 68' lang='lat' dir='ltr'>srrsrommm</span> 
     </span>
    </p>
   </div>
   <div class='ocr_carea' id='block_1_3' title="bbox 467 1626 2193 4551">
    <p class='ocr_par' dir='ltr' id='par_1_3' title="bbox 475 1626 2050 1888">
     <span class='ocr_line' id='line_1_3' title="bbox 475 1626 2050 1715; baseline 0.003 -25"><span class='ocrx_word' id='word_1_4' title='bbox 475 1626 628 1690; x_wconf 87' lang='lat' dir='ltr'>Cum</span> <span class='ocrx_word' id='word_1_5' title='bbox 675 1628 812 1692; x_wconf 88' lang='lat' dir='ltr'>loca</span> <span class='ocrx_word' id='word_1_6' title='bbox 843 1630 973 1715; x_wconf 86' lang='lat' dir='ltr'>jam</span> <span class='ocrx_word' id='word_1_7' title='bbox 1020 1631 1277 1697; x_wconf 82' lang='lat' dir='ltr'>recitata</span> <span class='ocrx_word' id='word_1_8' title='bbox 1298 1631 1658 1695; x_wconf 84' lang='lat' dir='ltr'>revolvimus</span> <span class='ocrx_word' id='word_1_9' title='bbox 1686 1631 2050 1709; x_wconf 77' lang='lat' dir='ltr'>irrevocati3</span> 
     </span>
     <span class='ocr_line' id='line_1_4' title="bbox 475 1713 1855 1804; baseline 0.003 -27"><span class='ocrx_word' id='word_1_10' title='bbox 475 1713 630 1778; x_wconf 91' lang='lat' dir='ltr'>Cum</span> <span class='ocrx_word' id='word_1_11' title='bbox 675 1716 1077 1782; x_wconf 80' lang='lat' dir='ltr'><strong>lamentamur</strong></span> <span class='ocrx_word' id='word_1_12' title='bbox 1119 1741 1239 1783; x_wconf 91' lang='lat' dir='ltr'>non</span> <span class='ocrx_word' id='word_1_13' title='bbox 1286 1738 1582 1804; x_wconf 88' lang='lat' dir='ltr'>apparere</span> <span class='ocrx_word' id='word_1_14' title='bbox 1621 1716 1855 1781; x_wconf 86' lang='lat' dir='ltr'>labores</span> 
     </span>
     <span class='ocr_line' id='line_1_5' title="bbox 475 1800 1787 1888; baseline 0.001 -23"><span class='ocrx_word' id='word_1_15' title='bbox 475 1800 730 1866; x_wconf 76' lang='lat' dir='ltr'>Nostros</span> <span class='ocrx_word' id='word_1_16' title='bbox 761 1809 824 1866; x_wconf 90' lang='lat' dir='ltr'>et</span> <span class='ocrx_word' id='word_1_17' title='bbox 853 1804 1019 1866; x_wconf 88' lang='lat' dir='ltr'>tenui</span> <span class='ocrx_word' id='word_1_18' title='bbox 1049 1804 1310 1868; x_wconf 87' lang='lat' dir='ltr'>deducta</span> <span class='ocrx_word' id='word_1_19' title='bbox 1341 1810 1617 1888; x_wconf 70' lang='lat' dir='ltr'>poemata</span> <span class='ocrx_word' id='word_1_20' title='bbox 1644 1803 1743 1866; x_wconf 90' lang='lat' dir='ltr'>filo</span> <span class='ocrx_word' id='word_1_21' title='bbox 1770 1822 1787 1878; x_wconf 90' lang='lat'>;</span> 
     </span>
    </p>

    <p class='ocr_par' dir='ltr' id='par_1_4' title="bbox 471 1884 2178 2145">
     <span class='ocr_line' id='line_1_6' title="bbox 471 1884 2178 1975; baseline 0.002 -25"><span class='ocrx_word' id='word_1_22' title='bbox 471 1884 628 1951; x_wconf 84' lang='lat' dir='ltr'>Cum</span> <span class='ocrx_word' id='word_1_23' title='bbox 672 1910 988 1975; x_wconf 88' lang='lat' dir='ltr'>speramus</span> <span class='ocrx_word' id='word_1_24' title='bbox 1032 1912 1105 1957; x_wconf 91' lang='lat' dir='ltr'>eo</span> <span class='ocrx_word' id='word_1_25' title='bbox 1149 1912 1280 1955; x_wconf 90' lang='lat' dir='ltr'>rem</span> <span class='ocrx_word' id='word_1_26' title='bbox 1300 1898 1616 1953; x_wconf 84' lang='lat' dir='ltr'>venturam</span> <span class='ocrx_word' id='word_1_27' title='bbox 1668 1896 1738 1951; x_wconf 89' lang='lat' dir='ltr'>ut</span> <span class='ocrx_word' id='word_1_28' title='bbox 1789 1888 1965 1952; x_wconf 91' lang='lat' dir='ltr'>simul</span> <span class='ocrx_word' id='word_1_29' title='bbox 1994 1896 2178 1974; x_wconf 89' lang='lat' dir='ltr'>atque</span> 
     </span>
     <span class='ocr_line' id='line_1_7' title="bbox 476 1972 2043 2059; baseline 0.001 -22"><span class='ocrx_word' id='word_1_30' title='bbox 476 1972 758 2037; x_wconf 80' lang='lat' dir='ltr'><strong>Carmina</strong></span> <span class='ocrx_word' id='word_1_31' title='bbox 788 1976 1061 2039; x_wconf 83' lang='lat' dir='ltr'>rescieris</span> <span class='ocrx_word' id='word_1_32' title='bbox 1090 1997 1198 2040; x_wconf 90' lang='lat' dir='ltr'>nos</span> <span class='ocrx_word' id='word_1_33' title='bbox 1225 1977 1456 2059; x_wconf 88' lang='lat' dir='ltr'>fingere</span> <span class='ocrx_word' id='word_1_34' title='bbox 1510 1974 1852 2038; x_wconf 89' lang='lat' dir='ltr'>commodus</span> <span class='ocrx_word' id='word_1_35' title='bbox 1884 1975 2043 2039; x_wconf 87' lang='lat' dir='ltr'>ultro</span> 
     </span>
     <span class='ocr_line' id='line_1_8' title="bbox 471 2059 1890 2145; baseline 0.001 -23"><span class='ocrx_word' id='word_1_36' title='bbox 471 2059 866 2135; x_wconf 87' lang='lat' dir='ltr'>Arcessas‚et</span> <span class='ocrx_word' id='word_1_37' title='bbox 894 2082 1075 2145; x_wconf 86' lang='lat' dir='ltr'>egere</span> <span class='ocrx_word' id='word_1_38' title='bbox 1106 2069 1368 2140; x_wconf 74' lang='lat' dir='ltr'>vete3‚et</span> <span class='ocrx_word' id='word_1_39' title='bbox 1395 2062 1658 2125; x_wconf 90' lang='lat' dir='ltr'>scribere</span> <span class='ocrx_word' id='word_1_40' title='bbox 1690 2081 1890 2143; x_wconf 87' lang='lat' dir='ltr'>cogas.</span> 
     </span>
    </p>

    <p class='ocr_par' dir='ltr' id='par_1_5' title="bbox 470 2143 2143 2318">
     <span class='ocr_line' id='line_1_9' title="bbox 475 2143 2143 2233; baseline 0.002 -25"><span class='ocrx_word' id='word_1_41' title='bbox 475 2143 598 2208; x_wconf 87' lang='lat' dir='ltr'>Sed</span> <span class='ocrx_word' id='word_1_42' title='bbox 630 2153 829 2209; x_wconf 87' lang='lat' dir='ltr'>tamen</span> <span class='ocrx_word' id='word_1_43' title='bbox 859 2154 954 2210; x_wconf 88' lang='lat' dir='ltr'>est</span> <span class='ocrx_word' id='word_1_44' title='bbox 981 2169 1198 2231; x_wconf 81' lang='lat' dir='ltr'>operae</span> <span class='ocrx_word' id='word_1_45' title='bbox 1228 2147 1487 2233; x_wconf 87' lang='lat' dir='ltr'>pretium</span> <span class='ocrx_word' id='word_1_46' title='bbox 1518 2167 1902 2230; x_wconf 79' lang='lat' dir='ltr'>cognoscere,</span> <span class='ocrx_word' id='word_1_47' title='bbox 1932 2146 2143 2231; x_wconf 84' lang='lat' dir='ltr'>quales</span> 
     </span>
     <span class='ocr_line' id='line_1_10' title="bbox 470 2231 1796 2318; baseline 0.001 -23"><span class='ocrx_word' id='word_1_48' title='bbox 470 2231 768 2295; x_wconf 86' lang='lat' dir='ltr'>Aedituos</span> <span class='ocrx_word' id='word_1_49' title='bbox 796 2233 1017 2297; x_wconf 89' lang='lat' dir='ltr'>habeat</span> <span class='ocrx_word' id='word_1_50' title='bbox 1044 2234 1184 2297; x_wconf 89' lang='lat' dir='ltr'>belli</span> <span class='ocrx_word' id='word_1_51' title='bbox 1216 2240 1490 2318; x_wconf 83' lang='lat' dir='ltr'>spectata</span> <span class='ocrx_word' id='word_1_52' title='bbox 1519 2233 1796 2315; x_wconf 80' lang='lat' dir='ltr'>domique</span> 
     </span>
    </p>

    <p class='ocr_par' dir='ltr' id='par_1_6' title="bbox 468 2314 2031 3177">
     <span class='ocr_line' id='line_1_11' title="bbox 470 2314 1850 2403; baseline 0.001 -24"><span class='ocrx_word' id='word_1_53' title='bbox 470 2314 709 2396; x_wconf 81' lang='lat' dir='ltr'>Virtus,</span> <span class='ocrx_word' id='word_1_54' title='bbox 738 2317 983 2403; x_wconf 88' lang='lat' dir='ltr'>indigno</span> <span class='ocrx_word' id='word_1_55' title='bbox 1013 2341 1131 2383; x_wconf 89' lang='lat' dir='ltr'>non</span> <span class='ocrx_word' id='word_1_56' title='bbox 1161 2319 1586 2384; x_wconf 87' lang='lat' dir='ltr'>committenda</span> <span class='ocrx_word' id='word_1_57' title='bbox 1614 2320 1850 2403; x_wconf 65' lang='lat' dir='ltr'>poetae.</span> 
     </span>
     <span class='ocr_line' id='line_1_12' title="bbox 472 2401 1779 2489; baseline 0.002 -24"><span class='ocrx_word' id='word_1_58' title='bbox 472 2401 700 2467; x_wconf 82' lang='lat' dir='ltr'>Gratus</span> <span class='ocrx_word' id='word_1_59' title='bbox 727 2403 1077 2470; x_wconf 86' lang='lat' dir='ltr'>Alexandro</span> <span class='ocrx_word' id='word_1_60' title='bbox 1106 2408 1236 2489; x_wconf 86' lang='lat' dir='ltr'>regi</span> <span class='ocrx_word' id='word_1_61' title='bbox 1265 2406 1493 2489; x_wconf 90' lang='lat' dir='ltr'>Magno</span> <span class='ocrx_word' id='word_1_62' title='bbox 1522 2405 1639 2469; x_wconf 78' lang='lat' dir='ltr'>fuit</span> <span class='ocrx_word' id='word_1_63' title='bbox 1679 2404 1779 2468; x_wconf 87' lang='lat' dir='ltr'>ille</span> 
     </span>
     <span class='ocr_line' id='line_1_13' title="bbox 471 2486 1970 2576; baseline 0.002 -25"><span class='ocrx_word' id='word_1_64' title='bbox 471 2486 806 2572; x_wconf 86' lang='lat' dir='ltr'>Choerilus,</span> <span class='ocrx_word' id='word_1_65' title='bbox 831 2491 1075 2555; x_wconf 84' lang='lat' dir='ltr'>incultis</span> <span class='ocrx_word' id='word_1_66' title='bbox 1103 2493 1207 2576; x_wconf 89' lang='lat' dir='ltr'>qui</span> <span class='ocrx_word' id='word_1_67' title='bbox 1236 2491 1506 2555; x_wconf 85' lang='lat' dir='ltr'>versibus</span> <span class='ocrx_word' id='word_1_68' title='bbox 1534 2497 1600 2555; x_wconf 86' lang='lat' dir='ltr'>et</span> <span class='ocrx_word' id='word_1_69' title='bbox 1626 2489 1784 2554; x_wconf 84' lang='lat' dir='ltr'>male</span> <span class='ocrx_word' id='word_1_70' title='bbox 1812 2489 1970 2554; x_wconf 87' lang='lat' dir='ltr'>natis</span> 
     </span>
     <span class='ocr_line' id='line_1_14' title="bbox 470 2570 1997 2663; baseline -0.001 -24"><span class='ocrx_word' id='word_1_71' title='bbox 470 2571 735 2640; x_wconf 75' lang='lat' dir='ltr'>Rettulit</span> <span class='ocrx_word' id='word_1_72' title='bbox 763 2591 1070 2663; x_wconf 79' lang='lat' dir='ltr'>acceptOS,</span> <span class='ocrx_word' id='word_1_73' title='bbox 1102 2570 1310 2662; x_wconf 74' lang='lat' dir='ltr'>regale</span> <span class='ocrx_word' id='word_1_74' title='bbox 1342 2579 1654 2655; x_wconf 83' lang='lat' dir='ltr'>nomisma,</span> <span class='ocrx_word' id='word_1_75' title='bbox 1687 2575 1997 2660; x_wconf 85' lang='lat' dir='ltr'>Philippos</span> 
     </span>
     <span class='ocr_line' id='line_1_15' title="bbox 474 2658 2021 2746; baseline 0.001 -21"><span class='ocrx_word' id='word_1_76' title='bbox 474 2658 599 2726; x_wconf 84' lang='lat' dir='ltr'>Sed</span> <span class='ocrx_word' id='word_1_77' title='bbox 628 2662 813 2726; x_wconf 85' lang='lat' dir='ltr'>veluti</span> <span class='ocrx_word' id='word_1_78' title='bbox 844 2670 1104 2727; x_wconf 87' lang='lat' dir='ltr'>tractata</span> <span class='ocrx_word' id='word_1_79' title='bbox 1131 2670 1333 2727; x_wconf 87' lang='lat' dir='ltr'>notam</span> <span class='ocrx_word' id='word_1_80' title='bbox 1360 2663 1675 2746; x_wconf 88' lang='lat' dir='ltr'>labemque</span> <span class='ocrx_word' id='word_1_81' title='bbox 1705 2663 2021 2727; x_wconf 84' lang='lat' dir='ltr'>remittunt</span> 
     </span>
     <span class='ocr_line' id='line_1_16' title="bbox 468 2747 1864 2832; baseline 0 -21"><span class='ocrx_word' id='word_1_82' title='bbox 468 2747 854 2827; x_wconf 85' lang='lat' dir='ltr'>Atramenta,</span> <span class='ocrx_word' id='word_1_83' title='bbox 883 2750 1010 2813; x_wconf 85' lang='lat' dir='ltr'>fere</span> <span class='ocrx_word' id='word_1_84' title='bbox 1042 2750 1360 2832; x_wconf 84' lang='lat' dir='ltr'>scriptores</span> <span class='ocrx_word' id='word_1_85' title='bbox 1389 2749 1653 2812; x_wconf 85' lang='lat' dir='ltr'>carmine</span> <span class='ocrx_word' id='word_1_86' title='bbox 1690 2747 1864 2811; x_wconf 86' lang='lat' dir='ltr'>foedo</span> 
     </span>
     <span class='ocr_line' id='line_1_17' title="bbox 474 2832 2031 2918; baseline 0.001 -21"><span class='ocrx_word' id='word_1_87' title='bbox 474 2832 804 2917; x_wconf 82' lang='lat' dir='ltr'>Splendida</span> <span class='ocrx_word' id='word_1_88' title='bbox 831 2836 994 2898; x_wconf 88' lang='lat' dir='ltr'>facta</span> <span class='ocrx_word' id='word_1_89' title='bbox 1023 2835 1238 2898; x_wconf 90' lang='lat' dir='ltr'>linunt.</span> <span class='ocrx_word' id='word_1_90' title='bbox 1328 2834 1501 2897; x_wconf 90' lang='lat' dir='ltr'>Idem</span> <span class='ocrx_word' id='word_1_91' title='bbox 1533 2855 1638 2897; x_wconf 88' lang='lat' dir='ltr'>rex</span> <span class='ocrx_word' id='word_1_92' title='bbox 1667 2834 1767 2897; x_wconf 91' lang='lat' dir='ltr'>ille</span> <span class='ocrx_word' id='word_1_93' title='bbox 1813 2836 2031 2918; x_wconf 69' lang='lat' dir='ltr'>poema</span> 
     </span>
     <span class='ocr_line' id='line_1_18' title="bbox 471 2918 1923 3003; baseline 0.001 -23"><span class='ocrx_word' id='word_1_94' title='bbox 471 2918 589 2992; x_wconf 87' lang='lat' dir='ltr'>Qui</span> <span class='ocrx_word' id='word_1_95' title='bbox 620 2929 742 2982; x_wconf 86' lang='lat' dir='ltr'>tam</span> <span class='ocrx_word' id='word_1_96' title='bbox 773 2921 1088 2983; x_wconf 90' lang='lat' dir='ltr'>ridiculum</span> <span class='ocrx_word' id='word_1_97' title='bbox 1118 2928 1240 2984; x_wconf 88' lang='lat' dir='ltr'>tam</span> <span class='ocrx_word' id='word_1_98' title='bbox 1271 2941 1409 2984; x_wconf 89' lang='lat' dir='ltr'>care</span> <span class='ocrx_word' id='word_1_99' title='bbox 1441 2919 1725 3003; x_wconf 78' lang='lat' dir='ltr'>prodigus</span> <span class='ocrx_word' id='word_1_100' title='bbox 1756 2920 1923 3000; x_wconf 88' lang='lat' dir='ltr'>emit,</span> 
     </span>
     <span class='ocr_line' id='line_1_19' title="bbox 471 3003 1863 3091; baseline 0.003 -25"><span class='ocrx_word' id='word_1_101' title='bbox 471 3003 689 3068; x_wconf 86' lang='lat' dir='ltr'>Edicto</span> <span class='ocrx_word' id='word_1_102' title='bbox 720 3007 912 3070; x_wconf 82' lang='lat' dir='ltr'>vetuit</span> <span class='ocrx_word' id='word_1_103' title='bbox 962 3027 1038 3070; x_wconf 89' lang='lat' dir='ltr'>ne</span> <span class='ocrx_word' id='word_1_104' title='bbox 1070 3007 1204 3091; x_wconf 87' lang='lat' dir='ltr'>quis</span> <span class='ocrx_word' id='word_1_105' title='bbox 1233 3027 1297 3070; x_wconf 89' lang='lat' dir='ltr'>se</span> <span class='ocrx_word' id='word_1_106' title='bbox 1329 3014 1571 3091; x_wconf 87' lang='lat' dir='ltr'>praeter</span> <span class='ocrx_word' id='word_1_107' title='bbox 1599 3007 1863 3089; x_wconf 88' lang='lat' dir='ltr'>Apellen</span> 
     </span>
     <span class='ocr_line' id='line_1_20' title="bbox 470 3089 1843 3177; baseline 0.003 -25"><span class='ocrx_word' id='word_1_108' title='bbox 470 3089 782 3174; x_wconf 87' lang='lat' dir='ltr'>Pingeret,</span> <span class='ocrx_word' id='word_1_109' title='bbox 813 3101 919 3156; x_wconf 89' lang='lat' dir='ltr'>aut</span> <span class='ocrx_word' id='word_1_110' title='bbox 948 3092 1099 3157; x_wconf 89' lang='lat' dir='ltr'>alius</span> <span class='ocrx_word' id='word_1_111' title='bbox 1125 3093 1387 3177; x_wconf 84' lang='lat' dir='ltr'>Lysippo</span> <span class='ocrx_word' id='word_1_112' title='bbox 1420 3092 1673 3155; x_wconf 87' lang='lat' dir='ltr'>duceret</span> <span class='ocrx_word' id='word_1_113' title='bbox 1699 3113 1843 3156; x_wconf 87' lang='lat' dir='ltr'>aera</span> 
     </span>
    </p>

    <p class='ocr_par' dir='ltr' id='par_1_7' title="bbox 468 3175 1995 3251">
     <span class='ocr_line' id='line_1_21' title="bbox 468 3175 1995 3251; baseline 0 -10"><span class='ocrx_word' id='word_1_114' title='bbox 468 3175 667 3241; x_wconf 86' lang='lat' dir='ltr'>Fortis</span> <span class='ocrx_word' id='word_1_115' title='bbox 697 3177 1291 3242; x_wconf 83' lang='lat' dir='ltr'>Alexandrivultum</span> <span class='ocrx_word' id='word_1_116' title='bbox 1320 3178 1676 3242; x_wconf 87' lang='lat' dir='ltr'>simulantia.</span> <span class='ocrx_word' id='word_1_117' title='bbox 1767 3176 1995 3251; x_wconf 84' lang='lat' dir='ltr'>Quodsi</span> 
     </span>
    </p>

    <p class='ocr_par' dir='ltr' id='par_1_8' title="bbox 467 3262 1763 3328">
     <span class='ocr_line' id='line_1_22' title="bbox 467 3262 1763 3328; baseline 0 -2"><span class='ocrx_word' id='word_1_118' title='bbox 467 3262 512 3326; x_wconf 86' lang='lat' dir='ltr'><strong>J</strong></span> <span class='ocrx_word' id='word_1_119' title='bbox 516 3263 778 3325; x_wconf 90' lang='lat' dir='ltr'>udicium</span> <span class='ocrx_word' id='word_1_120' title='bbox 808 3265 1023 3327; x_wconf 82' lang='lat' dir='ltr'>subtile</span> <span class='ocrx_word' id='word_1_121' title='bbox 1056 3263 1327 3328; x_wconf 90' lang='lat' dir='ltr'>videndis</span> <span class='ocrx_word' id='word_1_122' title='bbox 1356 3264 1585 3328; x_wconf 89' lang='lat' dir='ltr'>artibus</span> <span class='ocrx_word' id='word_1_123' title='bbox 1613 3262 1763 3326; x_wconf 88' lang='lat' dir='ltr'>illud</span> 
     </span>
    </p>

    <p class='ocr_par' dir='ltr' id='par_1_9' title="bbox 467 3348 2044 3521">
     <span class='ocr_line' id='line_1_23' title="bbox 467 3348 2044 3429; baseline -0.001 -17"><span class='ocrx_word' id='word_1_124' title='bbox 467 3348 571 3412; x_wconf 90' lang='lat' dir='ltr'>Ab</span> <span class='ocrx_word' id='word_1_125' title='bbox 601 3348 781 3412; x_wconf 90' lang='lat' dir='ltr'>libros</span> <span class='ocrx_word' id='word_1_126' title='bbox 810 3357 873 3412; x_wconf 87' lang='lat' dir='ltr'>et</span> <span class='ocrx_word' id='word_1_127' title='bbox 902 3349 980 3412; x_wconf 90' lang='lat' dir='ltr'>ad</span> <span class='ocrx_word' id='word_1_128' title='bbox 1007 3350 1158 3414; x_wconf 88' lang='lat' dir='ltr'>haec</span> <span class='ocrx_word' id='word_1_129' title='bbox 1189 3351 1504 3414; x_wconf 82' lang='lat' dir='ltr'>Musarum</span> <span class='ocrx_word' id='word_1_130' title='bbox 1533 3350 1690 3413; x_wconf 87' lang='lat' dir='ltr'>dona</span> <span class='ocrx_word' id='word_1_131' title='bbox 1717 3368 1987 3429; x_wconf 82' lang='lat' dir='ltr'>vocares,</span> <span class='ocrx_word' id='word_1_132' title='bbox 2012 3376 2044 3403; x_wconf 73' lang='lat' dir='ltr'>v</span> 
     </span>
     <span class='ocr_line' id='line_1_24' title="bbox 468 3431 1771 3521; baseline 0.001 -25"><span class='ocrx_word' id='word_1_133' title='bbox 468 3431 764 3497; x_wconf 88' lang='lat' dir='ltr'>Boeotum</span> <span class='ocrx_word' id='word_1_134' title='bbox 791 3436 853 3498; x_wconf 91' lang='lat' dir='ltr'>in</span> <span class='ocrx_word' id='word_1_135' title='bbox 884 3456 1082 3499; x_wconf 85' lang='lat' dir='ltr'>crasso</span> <span class='ocrx_word' id='word_1_136' title='bbox 1101 3437 1342 3521; x_wconf 88' lang='lat' dir='ltr'>jurares</span> <span class='ocrx_word' id='word_1_137' title='bbox 1372 3439 1513 3499; x_wconf 64' lang='lat' dir='ltr'>aere</span> <span class='ocrx_word' id='word_1_138' title='bbox 1542 3442 1771 3499; x_wconf 88' lang='lat' dir='ltr'>natum.</span> 
     </span>
    </p>

    <p class='ocr_par' dir='ltr' id='par_1_10' title="bbox 468 3519 2058 3778">
     <span class='ocr_line' id='line_1_25' title="bbox 468 3519 2018 3607; baseline 0.001 -25"><span class='ocrx_word' id='word_1_139' title='bbox 468 3519 562 3583; x_wconf 93' lang='lat' dir='ltr'>At</span> <span class='ocrx_word' id='word_1_140' title='bbox 588 3541 784 3603; x_wconf 89' lang='lat' dir='ltr'>neque</span> <span class='ocrx_word' id='word_1_141' title='bbox 817 3521 1181 3586; x_wconf 85' lang='lat' dir='ltr'>dedecorant</span> <span class='ocrx_word' id='word_1_142' title='bbox 1210 3529 1317 3586; x_wconf 88' lang='lat' dir='ltr'>tua</span> <span class='ocrx_word' id='word_1_143' title='bbox 1346 3523 1422 3586; x_wconf 89' lang='lat' dir='ltr'>de</span> <span class='ocrx_word' id='word_1_144' title='bbox 1454 3543 1519 3586; x_wconf 91' lang='lat' dir='ltr'>se</span> <span class='ocrx_word' id='word_1_145' title='bbox 1538 3521 1773 3607; x_wconf 88' lang='lat' dir='ltr'>judicia</span> <span class='ocrx_word' id='word_1_146' title='bbox 1800 3527 2018 3603; x_wconf 79' lang='lat' dir='ltr'>atque,</span> 
     </span>
     <span class='ocr_line' id='line_1_26' title="bbox 468 3603 2058 3691; baseline 0.002 -23"><span class='ocrx_word' id='word_1_147' title='bbox 468 3603 751 3684; x_wconf 87' lang='lat' dir='ltr'>Munera,</span> <span class='ocrx_word' id='word_1_148' title='bbox 782 3627 937 3691; x_wconf 88' lang='lat' dir='ltr'>quae</span> <span class='ocrx_word' id='word_1_149' title='bbox 969 3609 1156 3672; x_wconf 88' lang='lat' dir='ltr'>multa</span> <span class='ocrx_word' id='word_1_150' title='bbox 1185 3609 1382 3673; x_wconf 90' lang='lat' dir='ltr'>dantis</span> <span class='ocrx_word' id='word_1_151' title='bbox 1411 3629 1547 3672; x_wconf 91' lang='lat' dir='ltr'>cum</span> <span class='ocrx_word' id='word_1_152' title='bbox 1577 3607 1756 3672; x_wconf 87' lang='lat' dir='ltr'>laude</span> <span class='ocrx_word' id='word_1_153' title='bbox 1788 3606 2058 3671; x_wconf 87' lang='lat' dir='ltr'>tulerunt</span> 
     </span>
     <span class='ocr_line' id='line_1_27' title="bbox 468 3689 1809 3778; baseline 0.001 -24"><span class='ocrx_word' id='word_1_154' title='bbox 468 3689 691 3755; x_wconf 87' lang='lat' dir='ltr'>Dilecti</span> <span class='ocrx_word' id='word_1_155' title='bbox 723 3694 828 3756; x_wconf 88' lang='lat' dir='ltr'>tibi</span> <span class='ocrx_word' id='word_1_156' title='bbox 859 3694 1149 3776; x_wconf 87' lang='lat' dir='ltr'>Virgilius</span> <span class='ocrx_word' id='word_1_157' title='bbox 1176 3695 1522 3778; x_wconf 89' lang='lat' dir='ltr'>Variusque</span> <span class='ocrx_word' id='word_1_158' title='bbox 1551 3695 1765 3778; x_wconf 67' lang='lat' dir='ltr'>poetae</span> <span class='ocrx_word' id='word_1_159' title='bbox 1792 3712 1809 3768; x_wconf 94' lang='lat'>;</span> 
     </span>
    </p>

    <p class='ocr_par' dir='ltr' id='par_1_11' title="bbox 467 3776 2193 4551">
     <span class='ocr_line' id='line_1_28' title="bbox 469 3776 1969 3865; baseline 0.001 -24"><span class='ocrx_word' id='word_1_160' title='bbox 469 3776 534 3841; x_wconf 85' lang='lat' dir='ltr'>N</span> <span class='ocrx_word' id='word_1_161' title='bbox 536 3799 605 3841; x_wconf 89' lang='lat' dir='ltr'>ec</span> <span class='ocrx_word' id='word_1_162' title='bbox 635 3779 825 3863; x_wconf 88' lang='lat' dir='ltr'>magis</span> <span class='ocrx_word' id='word_1_163' title='bbox 855 3781 1118 3863; x_wconf 88' lang='lat' dir='ltr'>expressi</span> <span class='ocrx_word' id='word_1_164' title='bbox 1150 3782 1350 3845; x_wconf 87' lang='lat' dir='ltr'>vultus</span> <span class='ocrx_word' id='word_1_165' title='bbox 1379 3802 1490 3865; x_wconf 89' lang='lat' dir='ltr'>per</span> <span class='ocrx_word' id='word_1_166' title='bbox 1534 3783 1731 3844; x_wconf 64' lang='lat' dir='ltr'>aenea</span> <span class='ocrx_word' id='word_1_167' title='bbox 1774 3778 1969 3861; x_wconf 86' lang='lat' dir='ltr'>signa,</span> 
     </span>
     <span class='ocr_line' id='line_1_29' title="bbox 471 3862 2011 3949; baseline -0.001 -22"><span class='ocrx_word' id='word_1_168' title='bbox 471 3862 665 3937; x_wconf 85' lang='lat' dir='ltr'>Quam</span> <span class='ocrx_word' id='word_1_169' title='bbox 696 3886 806 3949; x_wconf 88' lang='lat' dir='ltr'>per</span> <span class='ocrx_word' id='word_1_170' title='bbox 834 3867 986 3929; x_wconf 86' lang='lat' dir='ltr'>vatis</span> <span class='ocrx_word' id='word_1_171' title='bbox 1015 3888 1164 3949; x_wconf 90' lang='lat' dir='ltr'>opus</span> <span class='ocrx_word' id='word_1_172' title='bbox 1192 3888 1387 3930; x_wconf 91' lang='lat' dir='ltr'>mores</span> <span class='ocrx_word' id='word_1_173' title='bbox 1420 3867 1720 3949; x_wconf 87' lang='lat' dir='ltr'>animique</span> <span class='ocrx_word' id='word_1_174' title='bbox 1749 3865 2011 3928; x_wconf 83' lang='lat' dir='ltr'>virorum</span> 
     </span>
     <span class='ocr_line' id='line_1_30' title="bbox 471 3948 2094 4036; baseline 0 -24"><span class='ocrx_word' id='word_1_175' title='bbox 471 3948 783 4013; x_wconf 87' lang='lat' dir='ltr'>Clarorum</span> <span class='ocrx_word' id='word_1_176' title='bbox 812 3960 1124 4036; x_wconf 84' lang='lat' dir='ltr'>apparent.</span> <span class='ocrx_word' id='word_1_177' title='bbox 1215 3952 1351 4016; x_wconf 87' lang='lat' dir='ltr'>Nec</span> <span class='ocrx_word' id='word_1_178' title='bbox 1381 3971 1684 4016; x_wconf 88' lang='lat' dir='ltr'>sermones</span> <span class='ocrx_word' id='word_1_179' title='bbox 1712 3971 1827 4033; x_wconf 86' lang='lat' dir='ltr'>ego</span> <span class='ocrx_word' id='word_1_180' title='bbox 1854 3949 2094 4013; x_wconf 85' lang='lat' dir='ltr'>mallem</span> 
     </span>
     <span class='ocr_line' id='line_1_31' title="bbox 469 4034 2193 4123; baseline 0 -25"><span class='ocrx_word' id='word_1_181' title='bbox 469 4034 776 4119; x_wconf 88' lang='lat' dir='ltr'>Repentes</span> <span class='ocrx_word' id='word_1_182' title='bbox 809 4059 917 4121; x_wconf 90' lang='lat' dir='ltr'>per</span> <span class='ocrx_word' id='word_1_183' title='bbox 945 4039 1189 4102; x_wconf 89' lang='lat' dir='ltr'>humum</span> <span class='ocrx_word' id='word_1_184' title='bbox 1242 4059 1421 4123; x_wconf 90' lang='lat' dir='ltr'>quam</span> <span class='ocrx_word' id='word_1_185' title='bbox 1454 4058 1551 4100; x_wconf 91' lang='lat' dir='ltr'>res</span> <span class='ocrx_word' id='word_1_186' title='bbox 1581 4056 1934 4120; x_wconf 89' lang='lat' dir='ltr'>componere</span> <span class='ocrx_word' id='word_1_187' title='bbox 1965 4041 2193 4119; x_wconf 84' lang='lat' dir='ltr'>gestas,</span> 
     </span>
     <span class='ocr_line' id='line_1_32' title="bbox 468 4120 1980 4206; baseline 0.001 -23"><span class='ocrx_word' id='word_1_188' title='bbox 468 4120 910 4206; x_wconf 83' lang='lat' dir='ltr'>Terrarumque</span> <span class='ocrx_word' id='word_1_189' title='bbox 939 4125 1088 4188; x_wconf 89' lang='lat' dir='ltr'>situs</span> <span class='ocrx_word' id='word_1_190' title='bbox 1121 4132 1185 4188; x_wconf 88' lang='lat' dir='ltr'>et</span> <span class='ocrx_word' id='word_1_191' title='bbox 1210 4124 1456 4187; x_wconf 88' lang='lat' dir='ltr'>flumina</span> <span class='ocrx_word' id='word_1_192' title='bbox 1484 4122 1782 4203; x_wconf 88' lang='lat' dir='ltr'>dicere,et</span> <span class='ocrx_word' id='word_1_193' title='bbox 1809 4141 1980 4186; x_wconf 84' lang='lat' dir='ltr'>arces</span> 
     </span>
     <span class='ocr_line' id='line_1_33' title="bbox 467 4205 1994 4293; baseline 0.001 -24"><span class='ocrx_word' id='word_1_194' title='bbox 467 4205 776 4271; x_wconf 86' lang='lat' dir='ltr'>Montibus</span> <span class='ocrx_word' id='word_1_195' title='bbox 803 4210 1199 4293; x_wconf 80' lang='lat' dir='ltr'>impositas,et</span> <span class='ocrx_word' id='word_1_196' title='bbox 1225 4210 1484 4273; x_wconf 87' lang='lat' dir='ltr'>barbara</span> <span class='ocrx_word' id='word_1_197' title='bbox 1514 4230 1726 4293; x_wconf 88' lang='lat' dir='ltr'>regna,</span> <span class='ocrx_word' id='word_1_198' title='bbox 1756 4208 1994 4292; x_wconf 88' lang='lat' dir='ltr'>tuisque</span> 
     </span>
     <span class='ocr_line' id='line_1_34' title="bbox 467 4293 1918 4378; baseline 0.001 -22"><span class='ocrx_word' id='word_1_199' title='bbox 467 4293 773 4377; x_wconf 86' lang='lat' dir='ltr'>Auspiciis</span> <span class='ocrx_word' id='word_1_200' title='bbox 803 4302 992 4358; x_wconf 91' lang='lat' dir='ltr'>totum</span> <span class='ocrx_word' id='word_1_201' title='bbox 1020 4296 1295 4360; x_wconf 87' lang='lat' dir='ltr'>confecta</span> <span class='ocrx_word' id='word_1_202' title='bbox 1323 4294 1525 4358; x_wconf 89' lang='lat' dir='ltr'>duella</span> <span class='ocrx_word' id='word_1_203' title='bbox 1552 4317 1662 4378; x_wconf 91' lang='lat' dir='ltr'>per</span> <span class='ocrx_word' id='word_1_204' title='bbox 1689 4295 1918 4373; x_wconf 89' lang='lat' dir='ltr'>orbem,</span> 
     </span>
     <span class='ocr_line' id='line_1_35' title="bbox 471 4378 2040 4466; baseline -0.001 -24"><span class='ocrx_word' id='word_1_205' title='bbox 471 4378 867 4463; x_wconf 77' lang='lat' dir='ltr'>claustraque</span> <span class='ocrx_word' id='word_1_206' title='bbox 899 4381 1207 4445; x_wconf 87' lang='lat' dir='ltr'>custodem</span> <span class='ocrx_word' id='word_1_207' title='bbox 1235 4382 1399 4466; x_wconf 86' lang='lat' dir='ltr'>pacis</span> <span class='ocrx_word' id='word_1_208' title='bbox 1429 4380 1765 4444; x_wconf 86' lang='lat' dir='ltr'>cohibentia</span> <span class='ocrx_word' id='word_1_209' title='bbox 1790 4379 1835 4443; x_wconf 86' lang='lat' dir='ltr'><strong>J</strong></span> <span class='ocrx_word' id='word_1_210' title='bbox 1838 4400 2040 4458; x_wconf 91' lang='lat' dir='ltr'>anum,</span> 
     </span>
     <span class='ocr_line' id='line_1_36' title="bbox 469 4465 1923 4551; baseline 0 -23"><span class='ocrx_word' id='word_1_211' title='bbox 469 4465 554 4528; x_wconf 89' lang='lat' dir='ltr'>Et</span> <span class='ocrx_word' id='word_1_212' title='bbox 581 4466 953 4530; x_wconf 85' lang='lat' dir='ltr'>formidatam</span> <span class='ocrx_word' id='word_1_213' title='bbox 984 4467 1227 4531; x_wconf 87' lang='lat' dir='ltr'>Parthis</span> <span class='ocrx_word' id='word_1_214' title='bbox 1256 4474 1316 4530; x_wconf 86' lang='lat' dir='ltr'>te</span> <span class='ocrx_word' id='word_1_215' title='bbox 1348 4466 1616 4551; x_wconf 89' lang='lat' dir='ltr'>principe</span> <span class='ocrx_word' id='word_1_216' title='bbox 1649 4466 1923 4545; x_wconf 89' lang='lat' dir='ltr'>Romam,</span> 
     </span>
    </p>
   </div>
   <div class='ocr_carea' id='block_1_4' title="bbox 2453 4396 2551 4445">
    <p class='ocr_par' dir='ltr' id='par_1_12' title="bbox 2453 4396 2551 4445">
     <span class='ocr_line' id='line_1_37' title="bbox 2453 4396 2551 4445; baseline 0 0"><span class='ocrx_word' id='word_1_217' title='bbox 2453 4396 2551 4445; x_wconf 66' lang='lat'>235</span> 
     </span>
    </p>
   </div>
   <div class='ocr_carea' id='block_1_5' title="bbox 473 4549 2467 4637">
    <p class='ocr_par' dir='ltr' id='par_1_13' title="bbox 473 4549 2467 4637">
     <span class='ocr_line' id='line_1_38' title="bbox 473 4549 2467 4637; baseline -0.002 -23"><span class='ocrx_word' id='word_1_218' title='bbox 473 4549 539 4614; x_wconf 87' lang='lat' dir='ltr'>Si</span> <span class='ocrx_word' id='word_1_219' title='bbox 596 4560 884 4635; x_wconf 85' lang='lat' dir='ltr'>quantum</span> <span class='ocrx_word' id='word_1_220' title='bbox 914 4574 1196 4637; x_wconf 87' lang='lat' dir='ltr'>cuperem</span> <span class='ocrx_word' id='word_1_221' title='bbox 1249 4573 1483 4636; x_wconf 91' lang='lat' dir='ltr'>possem</span> <span class='ocrx_word' id='word_1_222' title='bbox 1513 4573 1749 4636; x_wconf 88' lang='lat' dir='ltr'>quoque</span> <span class='ocrx_word' id='word_1_223' title='bbox 1777 4571 1794 4627; x_wconf 90' lang='lat'>;</span> <span class='ocrx_word' id='word_1_224' title='bbox 1839 4550 1946 4614; x_wconf 89' lang='lat' dir='ltr'>sed</span> <span class='ocrx_word' id='word_1_225' title='bbox 1976 4569 2174 4634; x_wconf 89' lang='lat' dir='ltr'>neque</span> <span class='ocrx_word' id='word_1_226' title='bbox 2211 4568 2467 4634; x_wconf 85' lang='lat' dir='ltr'>parvum</span> 
     </span>
    </p>
   </div>
   <div class='ocr_carea' id='block_1_6' title="bbox 469 4636 2123 5067">
    <p class='ocr_par' dir='ltr' id='par_1_14' title="bbox 469 4636 2123 5067">
     <span class='ocr_line' id='line_1_39' title="bbox 471 4636 1999 4722; baseline -0.001 -23"><span class='ocrx_word' id='word_1_227' title='bbox 471 4637 731 4701; x_wconf 83' lang='lat' dir='ltr'>Carmen</span> <span class='ocrx_word' id='word_1_228' title='bbox 762 4641 1039 4722; x_wconf 82' lang='lat' dir='ltr'>majestas</span> <span class='ocrx_word' id='word_1_229' title='bbox 1069 4639 1284 4722; x_wconf 84' lang='lat' dir='ltr'>recipit</span> <span class='ocrx_word' id='word_1_230' title='bbox 1311 4646 1418 4702; x_wconf 86' lang='lat' dir='ltr'>tua</span> <span class='ocrx_word' id='word_1_231' title='bbox 1467 4658 1582 4701; x_wconf 88' lang='lat' dir='ltr'>nec</span> <span class='ocrx_word' id='word_1_232' title='bbox 1613 4658 1782 4700; x_wconf 88' lang='lat' dir='ltr'>meus</span> <span class='ocrx_word' id='word_1_233' title='bbox 1813 4636 1999 4700; x_wconf 88' lang='lat' dir='ltr'>audet</span> 
     </span>
     <span class='ocr_line' id='line_1_40' title="bbox 469 4723 2060 4809; baseline -0.001 -24"><span class='ocrx_word' id='word_1_234' title='bbox 469 4723 624 4785; x_wconf 83' lang='lat' dir='ltr'>Rem</span> <span class='ocrx_word' id='word_1_235' title='bbox 658 4731 890 4787; x_wconf 88' lang='lat' dir='ltr'>tentare</span> <span class='ocrx_word' id='word_1_236' title='bbox 924 4723 1116 4809; x_wconf 90' lang='lat' dir='ltr'>pudor</span> <span class='ocrx_word' id='word_1_237' title='bbox 1167 4746 1348 4809; x_wconf 90' lang='lat' dir='ltr'>quam</span> <span class='ocrx_word' id='word_1_238' title='bbox 1383 4724 1538 4787; x_wconf 84' lang='lat' dir='ltr'>vires</span> <span class='ocrx_word' id='word_1_239' title='bbox 1567 4724 1728 4787; x_wconf 85' lang='lat' dir='ltr'>ferre</span> <span class='ocrx_word' id='word_1_240' title='bbox 1757 4727 2060 4786; x_wconf 87' lang='lat' dir='ltr'>recusent.</span> 
     </span>
     <span class='ocr_line' id='line_1_41' title="bbox 474 4806 1945 4895; baseline 0 -25"><span class='ocrx_word' id='word_1_241' title='bbox 474 4806 776 4871; x_wconf 61' lang='lat' dir='ltr'>sedulitas</span> <span class='ocrx_word' id='word_1_242' title='bbox 807 4819 1008 4873; x_wconf 88' lang='lat' dir='ltr'>autem</span> <span class='ocrx_word' id='word_1_243' title='bbox 1060 4811 1242 4874; x_wconf 87' lang='lat' dir='ltr'>stulte</span> <span class='ocrx_word' id='word_1_244' title='bbox 1274 4831 1454 4895; x_wconf 90' lang='lat' dir='ltr'>quem</span> <span class='ocrx_word' id='word_1_245' title='bbox 1495 4810 1692 4893; x_wconf 84' lang='lat' dir='ltr'>diligit</span> <span class='ocrx_word' id='word_1_246' title='bbox 1742 4816 1945 4891; x_wconf 87' lang='lat' dir='ltr'>urget,</span> 
     </span>
     <span class='ocr_line' id='line_1_42' title="bbox 470 4892 2123 4979; baseline 0 -22"><span class='ocrx_word' id='word_1_247' title='bbox 470 4892 804 4979; x_wconf 83' lang='lat' dir='ltr'>Praecipue</span> <span class='ocrx_word' id='word_1_248' title='bbox 843 4918 978 4960; x_wconf 88' lang='lat' dir='ltr'>cum</span> <span class='ocrx_word' id='word_1_249' title='bbox 1024 4917 1092 4960; x_wconf 89' lang='lat' dir='ltr'>se</span> <span class='ocrx_word' id='word_1_250' title='bbox 1136 4896 1405 4960; x_wconf 87' lang='lat' dir='ltr'>numeris</span> <span class='ocrx_word' id='word_1_251' title='bbox 1437 4895 1818 4960; x_wconf 86' lang='lat' dir='ltr'>commendat</span> <span class='ocrx_word' id='word_1_252' title='bbox 1845 4901 1909 4957; x_wconf 87' lang='lat' dir='ltr'>et</span> <span class='ocrx_word' id='word_1_253' title='bbox 1947 4899 2123 4958; x_wconf 83' lang='lat' dir='ltr'>arte:</span> 
     </span>
     <span class='ocr_line' id='line_1_43' title="bbox 469 4978 1957 5067; baseline -0.001 -23"><span class='ocrx_word' id='word_1_254' title='bbox 469 4979 667 5044; x_wconf 85' lang='lat' dir='ltr'>Discit</span> <span class='ocrx_word' id='word_1_255' title='bbox 694 4981 846 5043; x_wconf 87' lang='lat' dir='ltr'>onim</span> <span class='ocrx_word' id='word_1_256' title='bbox 878 4982 1055 5045; x_wconf 88' lang='lat' dir='ltr'>citius</span> <span class='ocrx_word' id='word_1_257' title='bbox 1083 4983 1470 5067; x_wconf 88' lang='lat' dir='ltr'>meminitque</span> <span class='ocrx_word' id='word_1_258' title='bbox 1499 4982 1780 5046; x_wconf 86' lang='lat' dir='ltr'>libentius</span> <span class='ocrx_word' id='word_1_259' title='bbox 1806 4978 1957 5044; x_wconf 91' lang='lat' dir='ltr'>illud</span> 
     </span>
    </p>
   </div>
  </div>
 </body>
</html>
