2900 6042
589 1195 765 1243 CARMINL'M

324 1354 393 1417 Hac
409 1359 439 1415 te
454 1358 630 1429 merentem,
645 1349 766 1413 Bacche
783 1358 879 1433 pater,
896 1367 965 1416 tuae

322 1439 445 1505 vexere
460 1437 554 1520 tigres
568 1437 688 1500 indocili
698 1437 807 1519 jugum

368 1523 452 1589 (lello
469 1523 642 1599 trahentes3
662 1522 720 1584 hac
737 1521 880 1595 Quirinus

409 1608 519 1672 Martis
533 1609 618 1691 equis
633 1606 810 1670 Acheronta
824 1607 914 1691 fugit,

325 1694 454 1760 Gratum
471 1695 590 1757 elocuta
604 1694 827 1756 consiliantibus

324 1782 346 1846 J
348 1800 445 1844 unone
461 1780 556 1842 divis:
581 1778 669 1855 Ilion,
685 1778 762 1840 Ilion

368 1865 482 1930 Fatalis
497 1866 687 1946 incestusque
698 1864 795 1945 judex

410 1951 453 2014 Et
467 1951 575 2013 mulier
589 1950 750 2032 peregrina
765 1949 858 2010 vertit

325 2037 364 2101 In
378 2037 546 2121 pulverem,
562 2056 600 2097 ex
615 2055 674 2117 quo
689 2033 825 2097 destituit
840 2034 912 2098 deos

323 2121 469 2187 Mercede
485 2128 574 2206 pacta
588 2119 771 2199 Laomedon,
786 2121 858 2184 mihi

370 2207 541 2292 (lastaeque
557 2207 729 2269 damnatum
745 2205 902 2270 Minervae

411 2292 488 2358 (lum
503 2293 611 2378 populo
627 2299 659 2355 et
673 2291 750 2355 duce
765 2291 967 2357 fraudulento.

326 2380 348 2444 J
350 2401 398 2444 am
412 2401 469 2444 nec
484 2381 643 2443 Lacaenae
658 2376 797 2462 splendet
814 2377 970 2442 adulterae

326 2465 473 2531 Famosus
486 2465 595 2549 hospes
621 2485 678 2526 nec
694 2463 807 2526 Priami
824 2462 929 2526 domus
957 2526 960 2532 ,

369 2550 413 2615 Pe
432 2553 498 2614 ‘ura
511 2570 665 2635 pugnaces
678 2548 813 2610 Achivos

411 2574 572 2699 ilicetoreis
587 2634 691 2715 opibus
706 2633 858 2713 refringit,

327 2719 507 2803 Nostrisque
523 2719 647 2781 ductum
661 2716 855 2780 seditionibus

326 2804 446 2868 Bellum
461 2802 584 2868 resedit.
629 2801 771 2865 Protinus
786 2808 818 2865 et
831 2822 941 2886 graves

370 2889 438 2953 Iras
464 2895 496 2953 et
510 2889 637 2951 invisum
651 2896 791 2970 nepotem

414 2973 523 3040 Troica
536 2995 627 3058 quem
641 2974 761 3057 peperit
775 2974 916 3038 sacerdos

315 3060 421 3125 Marti
435 3061 585 3124 redonabo
597 3080 606 3137 ;
627 3060 710 3123 illum
726 3080 783 3142 ego
797 3059 913 3124 lucidas

328 3147 411 3212 Inire
425 3146 524 3226 sedes,
545 3146 655 3210 ducere
669 3146 801 3209 nectaris

374 3231 498 3311 Succos,
514 3238 546 3294 et
559 3232 687 3304 adscribi
703 3232 812 3315 quietis

415 3316 578 3382 Ordinibus
592 3318 690 3402 patiar
705 3318 839 3380 deorum.

329 3403 411 3467 Dum
425 3405 533 3488 longus
547 3405 626 3467 inter
641 3404 757 3467 saeviat
771 3403 848 3466 Ilion

327 3490 514 3574 Romamque
528 3498 637 3574 pontus
664 3489 798 3572 qualibet
812 3488 930 3552 exsules

372 3575 411 3640 In
420 3584 506 3660 parte
521 3583 667 3659 regnanto
682 3574 782 3651 beati;

413 3662 494 3725 Dum
509 3662 620 3724 Priami
636 3661 815 3743 Paridisque
829 3661 917 3722 busto

331 3744 463 3808 Insultet
477 3753 644 3808 armentum
670 3754 703 3807 et
717 3747 831 3808 catulos
845 3746 929 3808 ferae

333 3827 442 3892 Celent
454 3829 566 3892 inultae
593 3837 654 3892 stet
669 3828 848 3912 Capitolium

377 3912 521 3994 Fulgens‚
536 3912 784 3996 triumphatisque
799 3913 891 3996 possit

417 3997 515 4061 Roma
529 3997 613 4060 ferox
628 3996 700 4060 dare
710 3999 783 4081 jura
797 3997 908 4062 Medis.

332 4082 496 4147 Horrenda
510 4084 570 4145 late
586 4103 694 4145 nomen
708 4083 740 4144 in
755 4083 875 4147 ultimas

334 4167 489 4233 Extendat
503 4188 581 4247 oras,
597 4189 657 4252 qua
670 4168 787 4234 medius
801 4170 899 4254 liquor

378 4253 516 4318 Secernit
531 4253 673 4338 Europen
688 4256 725 4319 ab
741 4257 830 4336 Afro,

420 4339 488 4416 Qua
503 4340 633 4405 tumidus
648 4342 728 4424 rigat
742 4364 814 4407 arva
831 4343 931 4423 Nilus,

333 4426 452 4491 Aurum
467 4428 646 4511 irrepertum
672 4436 705 4490 et
720 4430 762 4492 sic
777 4430 883 4491 melius
897 4429 989 4494 situm

337 4512 415 4577 Cum
438 4521 521 4576 terra
542 4514 623 4578 celat
648 4534 790 4596 spernere
806 4515 922 4593 fortior,

378 4597 476 4669 Quam
491 4619 599 4681 cogere
625 4599 770 4663 humanos
784 4600 816 4662 in
830 4619 903 4662 usus

424 4681 520 4747 Omne
535 4705 653 4748 sacrum
668 4685 803 4769 rapiente
820 4684 936 4749 dextra.
