2900 6042
1035 1439 1165 1484 ms.
1214 1438 1308 1484 1v.
1358 1439 1557 1484 canu.
1605 1439 1718 1485 xv.
2347 1420 2431 1484 99

778 1591 1024 1657 Vexare
1055 1600 1281 1658 turmas
1335 1602 1397 1657 et
1428 1592 1783 1655 frementem

866 1676 1115 1742 Mittere
1148 1701 1370 1764 equum
1399 1677 1625 1740 medios
1655 1699 1765 1760 per
1792 1676 1987 1761 ignes-

696 1761 798 1827 Sic
828 1764 1187 1828 tauriformis
1217 1766 1475 1829 volvitur
1502 1762 1787 1840 Aufidus,
2368 1785 2432 1834 25

701 1847 836 1922 Qua
865 1870 1056 1932 regna
1084 1849 1288 1914 Dauni
1317 1848 1597 1935 praefluit
1622 1810 1835 1932 Apuli,

774 1933 930 1997 Cum
960 1935 1154 1997 saevit
1182 1933 1665 2018 horrendamque
1698 1933 1879 1997 cultis

863 2020 1166 2084 Diluviem
1194 2021 1520 2084 meditatur
1550 2019 1733 2101 agris,

691 2105 784 2170 Ut
811 2106 1198 2169 barbarorum
1233 2106 1519 2170 Claudius
1549 2104 1790 2187 agmina

690 2191 949 2256 Ferrata
971 2199 1138 2254 vasto
1168 2193 1352 2255 dimit
1380 2192 1608 2274 impetu
2370 2213 2433 2263 30

777 2278 1128 2360 Primosque
1160 2285 1222 2340 et
1251 2285 1547 2340 extremos
1577 2275 1854 2339 metendo

863 2362 1095 2426 Stravit
1121 2364 1366 2425 humum
1417 2363 1545 2425 sine
1579 2360 1750 2424 clade
1782 2363 1993 2441 victor,

692 2446 782 2511 Te
812 2449 1034 2531 copiaS‚
1068 2455 1126 2510 te
1159 2448 1465 2511 consilium
1498 2454 1560 2511 et
1589 2456 1723 2509 tuos

614 2602 620 2607 ,
692 2532 1033 2597 Praebente
1065 2534 1250 2597 divos.
1343 2533 1504 2596 Nam
1536 2532 1641 2594 tibi
1642 2553 1792 2616 ,quo
1821 2531 1918 2595 die

783 2619 1002 2682 Portus
1032 2618 1422 2682 Alexandrea
1449 2617 1702 2701 supplex
2368 2636 2428 2686 3:

865 2703 951 2768 Et
979 2725 1231 2768 vacuam
1260 2703 1547 2788 patefecit
1575 2702 1793 2783 aulam,

693 2789 963 2854 Fortuna
989 2791 1179 2853 lustro
1208 2810 1496 2874 prospera
1523 2787 1701 2851 tertio

695 2876 853 2939 Belli
882 2874 1174 2939 secundos
1203 2874 1468 2938 reddidit
1497 2874 1713 2952 exitus,

781 2961 1169 3045 Laudemque
1201 2967 1265 3023 et
1292 2967 1563 3044 optatum
1592 2959 1853 3043 peractis

864 3046 1142 3130 Imperiis
1172 3046 1356 3110 decus
1387 3045 1711 3129 arrogavit.
2370 3065 2433 3114 4ο

691 3129 777 3194 Te
811 3130 1112 3196 Cantaber
1141 3154 1257 3196 non
1289 3139 1429 3198 ante
1461 3131 1768 3195 domabilis

693 3216 1034 3301 Medusque
1088 3225 1151 3281 et
1178 3218 1392 3297 Indus,
1424 3225 1484 3280 te
1517 3217 1805 3301 profugus
1839 3213 2101 3302 Scythes

779 3302 1062 3383 Miratur,
1093 3325 1128 3367 ο
1160 3305 1348 3366 tutela
1378 3323 1663 3387 praesens

867 3388 1081 3452 Italiae
1113 3389 1507 3472 dominaeque
1537 3387 1785 3451 Romae.
2119 3469 2124 3472 ι

605 3488 611 3494 ·
694 3473 781 3535 Te
811 3474 1076 3537 fontium
1092 3475 1194 3557 qui
1224 3475 1384 3537 celat
1413 3474 1673 3556 origines
2369 3491 2431 3539 42²

695 3558 914 3642 Nilusq
919 3581 993 3623 ue
1051 3567 1112 3622 et
1142 3559 1325 3635 Ister,
1358 3567 1418 3620 te
1451 3558 1696 3641 rapidus
1726 3555 1947 3640 Tigris,

777 3643 864 3708 Te
878 3582 1196 3708 qbeluosus
1227 3645 1330 3727 qui
1361 3644 1602 3707 remotis

871 3729 1182 3813 Obstrepit
1212 3728 1494 3792 Oceanus
1525 3725 1854 3807 Britannis,

698 3814 787 3877 Te
817 3836 935 3877 non
964 3814 1238 3898 paventis
1267 3815 1485 3877 funera
1514 3811 1747 3876 Galliae

698 3898 1024 3984 Duraeque
1056 3901 1234 3962 tellus
1264 3899 1434 3962 audit
1464 3897 1777 3976 Hiberiae,
2370 3914 2437 3973 59

781 3985 869 4048 Te
901 3985 1086 4049 caede
1117 3985 1454 4068 gaudentes
1487 3981 1791 4082 Sigambri

871 4069 1220 4156 Compositis
1251 4077 1618 4135 venerantur
1646 4066 1846 4160 armis..

1045 4496 1511 4563 CARMEN
1580 4455 1754 4560 xv.

706 4840 1011 4905 Pnonnus
1041 4842 1339 4904 volentem
1369 4837 1596 4923 proelia
1623 4856 1719 4900 me
1748 4833 1913 4919 loqui

707 4926 923 4992 Victas
955 4932 1019 4991 et
1045 4927 1226 4989 urbes
1254 4924 1555 5009 increpuit
1580 4924 1740 5009 lyra,
