2900 6042
1481 1296 1542 1359 ὁ·

980 1497 1112 1545 m.
1157 1496 1264 1544 111.
1311 1497 1509 1544 cAau.
1558 1496 1718 1546 xxx.
2252 1483 2257 1489 '
2305 1483 2387 1548 81

741 1647 896 1714 Cum
923 1670 1074 1734 pace
1105 1651 1438 1715 delabentis
1470 1650 1795 1714 Etruscum
2325 1672 2391 1722 35

822 1734 901 1799 In
928 1757 1117 1815 mare,
1147 1757 1307 1801 nunc
1337 1735 1569 1819 lapides
1598 1735 1811 1801 adesos

658 1817 1011 1905 Stirpesque
1042 1829 1246 1904 raptas
1299 1828 1362 1884 et
1390 1841 1576 1904 pecus
1606 1827 1669 1886 et
1697 1822 1910 1887 domus

656 1903 977 1970 Volventis
1005 1927 1129 1969 una
1176 1928 1296 1970 nou
1325 1906 1451 1970 sine
1476 1907 1768 1970 montium

742 1990 1017 2054 Clamore
1048 1991 1399 2076 vicinaeque
1428 1992 1640 2072 silvae,

824 2072 983 2137 Cum
1010 2075 1144 2140 fera
1172 2077 1429 2140 diluvies
1460 2077 1697 2160 quietos
2311 2097 2392 2147 ’40

653 2156 867 2223 Irritat
894 2180 1120 2224 amnes.
1209 2160 1326 2225 Ille
1354 2168 1567 2246 potens
1595 2163 1690 2226 sui

654 2244 1001 2329 Laetusque
1032 2246 1239 2328 deget,
1268 2248 1367 2311 cui
1394 2247 1541 2311 licet
1568 2247 1631 2310 in
1659 2245 1821 2310 diem

737 2329 976 2394 Dixisse
1030 2330 1212 2395 Vixi:
1261 2351 1396 2395 cras
1425 2332 1523 2395 vel
1552 2338 1687 2396 atra

823 2415 1005 2478 Nube
1031 2417 1235 2499 polum
1264 2416 1456 2480 Pater
1483 2423 1775 2500 occupato

651 2498 776 2564 Vel
802 2500 927 2563 sole
961 2520 1150 2583 puro;
1195 2521 1315 2564 non
1343 2507 1548 2564 tamen
1574 2502 1810 2565 irritum
2327 2519 2394 2568 45

657 2582 1077 2733 Qussdfflque
1101 2591 1266 2648 retro
1295 2591 1390 2649 est
1440 2586 1680 2665 efficiet,
1706 2603 1908 2670 neque

821 2671 1481 2838 Qufs‘fffigiffiffi
1496 2670 1873 2821 {²33⁰3011t.

653 2835 924 2903 Fortuna
951 2859 1130 2904 saevo
1159 2841 1322 2903 laeta
1348 2841 1591 2924 negotio
1642 2847 1709 2905 et

655 2921 895 2988 Ludum
923 2925 1282 2988 insolentem
1307 2925 1519 2989 ludere
1549 2926 1828 3010 pertinax
2329 2942 2395 2993 50

739 3008 1128 3074 Transmutat
1152 3010 1414 3075 incertos
1444 3011 1722 3091 honores,

819 3093 1005 3160 Nunc
1033 3095 1201 3175 mihi,
1230 3116 1391 3160 nunc
1422 3097 1525 3160 alii
1551 3096 1834 3180 benigna.

655 3176 869 3243 Laudo
894 3187 1278 3259 manentem3
1321 3181 1374 3245 si
1397 3182 1627 3246 celeres
1657 3180 1854 3266 quatit

654 3263 897 3330 Pennas
947 3267 1189 3351 resigno
1218 3287 1375 3350 quae
1406 3266 1597 3347 dedit,
1627 3274 1692 3331 et
1716 3285 1855 3330 mea

741 3348 991 3417 Virtute
1019 3373 1116 3416 me
1145 3352 1382 3416 involvo
1433 3352 1799 3437 probamque
2331 3359 2399 3410 ⁶⁵

823 3435 1185 3522 Pauperiem
1213 3436 1342 3500 sine
1372 3436 1514 3501 dote
1584 3457 1790 3501 uaero.

652 3517 796 3586 Non
824 3530 919 3586 est
943 3543 1145 3586 meum
1195 3522 1248 3586 si
1275 3522 1506 3605 mugiat
1624 3521 1764 3585 ricis

654 3606 858 3671 Malus
888 3608 1170 3692 procellis
1224 3606 1303 3672 ad
1330 3607 1581 3670 miseras
1609 3625 1821 3690 preces

740 3691 1111 3772 Decurrere,
1141 3697 1207 3755 et
1235 3691 1389 3755 votis
1415 3691 1642 3776 pacisci

826 3776 926 3842 Ne
960 3776 1221 3862 Cypriae
1251 3775 1597 3875 Tyriaeque
1625 3791 1863 3839 merces
2328 3788 2400 3840 oo

654 3858 912 3925 Addant
940 3882 1124 3926 avaro
1154 3861 1391 3925 divinas
1417 3860 1604 3925 mari:

654 3945 826 4012 Tunc
855 3967 953 4011 me
1004 3946 1246 4011 biremis
1274 3946 1571 4031 praesidio
1599 3942 1860 4029 scaphae

738 4031 964 4098 Tutum
1015 4053 1127 4118 per
1154 4031 1443 4116 Aegaeos
1472 4031 1766 4095 tumultus

822 4115 1004 4184 Aura
1031 4119 1192 4184 feret
1217 4118 1616 4204 geminusque
1644 4115 1881 4181 Pollux.

940 4539 1418 4607 GARMEN
1480 4512 1761 4606 xxx.

576 4749 581 4753 -
620 4770 626 4775 .
651 4712 869 4779 Exmt
895 4715 1341 4777 monumentum
1361 4731 1506 4776 aere
1524 4704 1846 4794 perennius

651 4797 990 4885 Regalique
1019 4797 1140 4862 situ
1166 4795 1547 4881 pyramidum
1576 4791 1773 4892 altius,
1822 4876 1839 4893 .
2255 4756 2380 4879 2

656 4883 834 4958 Quod
861 4905 983 4950 non
1008 4883 1201 4948 imber
1228 4881 1408 4962 edax,
1427 4901 1551 4945 non
1575 4877 1806 4961 Aquilo
1821 4879 2120 4963 impotens

657 4967 860 5036 Possit
885 4969 1128 5035 diruere
1181 4974 1289 5033 aut
1316 4962 1766 5032 innumerabilis
