2900 6042
996 1459 1128 1506 m.
1173 1459 1280 1506 111.
1328 1458 1526 1506 cm.
1572 1459 1790 1508 xxvn.

778 1612 1034 1678 Funalia
1062 1617 1125 1674 et
1153 1617 1358 1675 vectes
1388 1618 1451 1675 et
1480 1632 1655 1676 arcus

865 1697 1168 1781 Oppositis
1195 1696 1418 1760 foribus
1445 1697 1730 1761 minaces.

695 1779 751 1846 Ο
782 1803 936 1866 quae
966 1783 1203 1845 beatam
1256 1782 1395 1845 diva
1445 1789 1615 1845 tenes
1646 1781 1916 1867 Cyprum
1946 1790 2010 1849 et

692 1866 1003 1951 Memphin
1034 1874 1339 1930 carentem
1372 1865 1644 1932 Sithonia
1670 1869 1833 1949 nive,

777 1952 1037 2034 Regina,
1067 1952 1301 2015 sublimi
1329 1953 1566 2034 flagello

861 2036 1069 2120 Tange
1101 2035 1333 2100 Chloen
1359 2036 1548 2100 semel
1577 2043 1977 2122 arrogantem.

929 2458 1387 2526 CARMEN
1449 2458 1830 2527 XXVII.

771 2801 1002 2867 IMPIOS
1030 2820 1247 2886 parrae
1275 2799 1598 2864 recinentis
1626 2820 1800 2864 omen
1935 2821 1940 2826 ’

769 2886 974 2953 Ducat
1026 2892 1090 2950 et
1116 2906 1459 2970 praegnans
1487 2885 1652 2948 canis
1702 2892 1810 2950 aut
1837 2885 1915 2952 ab
1941 2905 2091 2972 agro

773 2972 949 3037 Rava
977 2972 1304 3035 decurrens
1332 2971 1477 3054 lupa
1504 2969 1818 3035 Lanuvino

1107 3056 1380 3139 Fetaque
1410 3056 1640 3139 vulpes.

772 3141 1038 3225 Rumpat
1067 3145 1130 3203 et
1157 3161 1403 3224 serpens
1430 3140 1550 3203 iter
1576 3140 1915 3207 institutum

770 3224 839 3290 Si
867 3246 977 3310 per
1005 3226 1308 3309 obliquum
1335 3225 1539 3289 similis
1568 3227 1827 3311 sagittae

772 3311 1014 3375 Terruit
1038 3330 1285 3375 mannos
1313 3329 1333 3372 ε
1385 3329 1503 3391 ego
1547 3309 1647 3372 cui
1685 3311 1906 3376 timebo

1103 3395 1400 3459 Providus
1429 3416 1678 3478 auspex,

770 3478 1119 3564 Antequam
1147 3487 1378 3544 stantes
1406 3488 1645 3564 repetat
1670 3480 1923 3565 paludes

767 3563 1058 3629 Imbrium
1086 3565 1289 3629 divina
1318 3566 1445 3629 avis
1473 3566 1907 3647 imminentum,

771 3649 1053 3715 Oscinem
1082 3669 1324 3713 corvum
1354 3670 1537 3732 prece
1566 3650 1865 3714 suscitabo

1113 3732 1268 3797 Solis
1297 3735 1374 3797 ab
1401 3740 1559 3797 ortu.
1727 3762 1731 3766 “

771 3816 870 3882 Sis
896 3817 1042 3881 licet
1067 3818 1211 3881 felix
1261 3818 1601 3900 ubicunque
1628 3817 1841 3898 mavis,

774 3901 861 3967 Et
887 3923 1115 3966 memor
1140 3901 1350 3982 nostri,
1381 3901 1661 3983 Galatea,
1689 3904 1879 3983 vivas,

768 3988 977 4074 Teque
1005 4008 1119 4052 nec
1148 3988 1356 4052 laevus
1384 3994 1552 4052 vetet
1576 3988 1666 4053 ire
1696 3989 1865 4074 picus

1107 4071 1245 4138 Nec
1276 4093 1433 4157 vaga
1462 4075 1686 4138 cornix.
1779 4098 1784 4102 ·

770 4155 897 4223 Sed
924 4156 1091 4222 vides
1142 4165 1367 4242 quanto
1394 4159 1660 4244 trepidet
1687 4159 1949 4224 tumultu

768 4242 1004 4306 Pronus
1034 4242 1240 4308 Orion.
1329 4243 1467 4328 Ego
1519 4245 1663 4329 quid
1692 4245 1772 4308 sit
1799 4251 1933 4309 ater

765 4327 1042 4394 Hadriae
1072 4330 1213 4392 novi
1241 4329 1404 4393 sinus
1458 4337 1525 4393 et
1553 4330 1699 4414 quid
1728 4330 1901 4394 albus

1108 4413 1335 4477 Peccet
1362 4413 1580 4497 Iapyx.

765 4495 1048 4559 Hostium
1075 4518 1292 4562 uxores
1322 4500 1616 4583 puerique
1647 4518 1859 4564 caecos

765 4578 1044 4645 Sentiant
1073 4589 1269 4645 motus
1296 4582 1541 4647 orientis
1568 4583 1786 4647 Austri
1835 4589 1901 4648 et

760 4664 1065 4751 Aequoris
1095 4666 1252 4749 nigri
1279 4666 1583 4731 sternitum
1634 4675 1699 4732 et
1725 4673 2051 4732 trementes

1103 4750 1378 4815 Verbere
1406 4753 1589 4837 ripas.

768 4833 871 4900 Sic
900 4840 965 4899 et
993 4835 1234 4921 Europe
1262 4837 1506 4902 niveum
1536 4837 1739 4902 doloso

761 4919 1037 4986 Credidit
1062 4927 1236 5038 tauro
1261 4923 1423 4988 latus
1474 4931 1539 4989 et
1564 4929 1898 4989 scatentem

1102 5005 1141 5072 7

1919 5110 2010 5187 Ο

2340 1447 2423 1514 77

2360 1891 2423 1941 10

2348 3586 2411 3637 10

2346 4011 2408 4062 15
