2900 6042
86 1251 116 1316 td
506 1269 680 1316 clusimus

286 1420 397 1507 Neque
413 1423 498 1506 segni
513 1423 590 1508 pede
605 1424 725 1501 victus;

118 1507 213 1573 Catus
228 1506 309 1572 idem
325 1530 380 1593 per
393 1517 531 1593 apertum
545 1509 697 1592 fugientes
711 1509 825 1592 agitato

118 1593 221 1679 Grege
235 1615 340 1658 cervos
350 1595 480 1677 jaculari
506 1603 538 1658 et
552 1597 633 1658 celer
647 1597 708 1658 alto
722 1594 892 1659 latitantem

288 1678 444 1744 Fruticeto
457 1681 596 1766 excipere
611 1702 729 1766 aprum.

397 2105 627 2173 GARMEN
657 2106 793 2174 XIII.

247 2450 275 2517 Ο
290 2466 370 2516 sons
385 2448 569 2528 Bandusiae,
585 2447 768 2532 splendidior
782 2449 871 2531 vitro,

175 2555 184 2571 ·
244 2537 337 2604 Dulci
351 2537 441 2619 digne
456 2557 538 2599 mero
552 2555 612 2597 nou
627 2535 691 2598 sine
705 2535 838 2618 floribus,

289 2622 364 2688 cras
379 2622 536 2685 donaberis
550 2619 647 2683 haedo

332 2707 390 2772 cui
405 2709 487 2770 frons
502 2705 624 2789 turgida
639 2705 778 2769 cornibus

245 2793 355 2858 Primis
374 2800 407 2856 et
428 2813 568 2857 venerem
583 2799 615 2854 et
628 2793 743 2876 proelia
757 2790 911 2870 destinat3

244 2878 389 2944 Frustra:
412 2899 482 2940 nam
497 2877 610 2959 gelidos
626 2877 739 2940 inficiet
752 2877 807 2941 tibi

288 2963 393 3027 Rubro
407 2964 552 3045 sanguine
568 2964 646 3026 rivos

332 3047 450 3111 Lascivi
464 3049 581 3111 suboles
594 3047 704 3131 gregis.

246 3133 290 3197 Te
304 3134 457 3216 flagrantis
471 3141 557 3197 atrox
571 3135 644 3197 hora
659 3133 823 3198 Caniculae

244 3220 354 3285 Nescit
367 3227 504 3301 tangere,
519 3228 554 3283 tu
568 3220 663 3301 frigus
677 3220 803 3284 amabile

287 3304 388 3369 Fessis
403 3327 521 3368 vomere
537 3307 630 3369 tauris

332 3391 465 3455 Praebes
493 3399 525 3455 et
539 3391 639 3476 pecori
656 3412 743 3474 vago.

245 3475 316 3542 Fies
330 3479 471 3541 nobilium
487 3485 519 3541 tu
534 3497 652 3561 quoque
667 3476 805 3555 sontium,

245 3561 299 3627 Me
314 3564 432 3627 dicente
449 3564 530 3627 cavis
545 3563 714 3647 impositam
729 3562 829 3626 ilicem

291 3647 389 3728 Saxis,
406 3649 487 3713 uude
501 3650 643 3733 loquaces

331 3732 487 3820 Lymphae
502 3734 644 3799 desiliunt
658 3740 740 3798 tuae.

410 4134 641 4220 osanna
669 4153 782 4220 xiv.

249 4501 417 4566 Huscums
432 4499 493 4562 ritu
506 4499 594 4564 modo
609 4498 718 4580 dictus,
738 4522 756 4565 o
777 4500 876 4585 plebs,

248 4585 348 4651 Morte
364 4587 499 4651 venalem
514 4588 634 4670 petiisse
649 4587 768 4649 laurum

251 4671 363 4737 Caesar
378 4673 516 4755 Hispana
530 4673 641 4755 repetit
654 4678 781 4756 penates

420 4758 528 4823 Victor
543 4758 580 4821 ab
595 4777 670 4839 ora„
