2900 6042
597 962 608 986 l
681 990 688 1001 Ι

580 1299 705 1347 EPODON
727 1300 834 1346 LIBR-

361 1453 497 1521 Candide
512 1453 687 1533 Maecenas,
700 1453 813 1517 occidis
827 1472 917 1539 saepe
931 1452 1088 1537 rogando:
1218 1473 1234 1524 s

403 1540 500 1618 Deus,
515 1539 590 1603 deus
604 1561 673 1603 nam
687 1560 735 1602 me
751 1547 835 1603 vetat

359 1625 513 1709 Inceptos,
527 1626 597 1687 olim
611 1625 787 1708 promissum
802 1644 934 1704 carmen,
948 1622 1063 1689 iambos

402 1712 455 1774 Ad
470 1711 640 1773 umbilicum
655 1709 817 1773 adducere.

360 1797 432 1862 Non
447 1797 535 1859 aliter
551 1793 650 1858 Samio
665 1795 770 1858 dicunt
784 1794 891 1859 arsisse
906 1792 1050 1880 Bathyllo

402 1882 597 1944 Anacreonta
612 1880 730 1958 Telum,
1204 1900 1234 1951 ιο

361 1966 420 2041 Qui
435 1986 579 2050 persaepe
595 1986 671 2028 cava
685 1964 835 2029 testudine
850 1964 934 2028 flevit
948 1984 1080 2028 amorem

403 2052 473 2115 Non
488 2051 672 2114 elaboratum
687 2050 727 2114 ad
742 2051 861 2133 pedem.

359 2137 466 2201 Ureris
481 2136 544 2219 ipse
559 2135 666 2198 miser:
699 2134 808 2219 quodsi
827 2158 887 2200 non
900 2134 1052 2221 pulchrior
1064 2133 1145 2219 iguis

403 2221 556 2284 Accendit
569 2221 718 2284 obsessam
730 2221 819 2300 Ilion,

361 2305 469 2372 Gaude
484 2313 563 2369 sorte
579 2312 654 2383 tua;
675 2326 724 2369 rue
740 2305 879 2370 libertina
904 2324 1003 2389 neque
1016 2325 1078 2371 uuo
1201 2325 1232 2375 ss

404 2389 553 2456 Contenta
578 2390 701 2477 Phryne
716 2397 860 2456 macerat.

532 2818 761 2885 CARMEN
798 2819 884 2888 XV.

317 3161 393 3227 Nox
408 3167 475 3224 erat
501 3168 532 3225 ct
545 3162 628 3225 caelo
642 3162 780 3246 fulgebat
805 3162 878 3228 luna
891 3181 998 3228 sereno
1083 3182 1085 3187 ·

358 3246 443 3310 Inter
459 3248 573 3310 minora
586 3248 697 3328 sidera,
1004 3296 1011 3311 .

319 3327 397 3394 Cum
419 3340 454 3394 tu
475 3353 653 3414 magnorum
682 3354 794 3396 numen
808 3333 928 3399 laesura
941 3333 1066 3399 deorum

360 3418 399 3481 In
413 3420 506 3482 verba
515 3420 640 3501 jurabas
654 3439 733 3497 mea,

316 3503 426 3568 Artius
449 3511 541 3587 atque
563 3505 678 3568 hedera
700 3524 827 3587 procera
840 3504 1037 3589 adstringitur
1050 3504 1121 3587 ilex,
1211 3526 1230 3578 a

243 3634 248 3642 -
359 3589 463 3652 Lentis
478 3590 644 3653 adhaerens
660 3590 808 3653 brachiis:

316 3673 399 3738 Dum
414 3676 514 3757 pecori
530 3677 618 3758 lupus
644 3684 677 3738 et
690 3675 790 3738 nautis
804 3675 931 3739 infestus
946 3672 1040 3741 Orion

357 3759 507 3823 Turbaret
521 3762 677 3823 hibernum
692 3781 787 3838 mare,
1226 3832 1231 3841 ,

315 3842 512 3927 Intonsosque
529 3847 659 3928 agitaret
674 3845 823 3929 Apollinis
837 3866 913 3911 aura
926 3846 1060 3931 capillos,
1138 3852 1143 3861 '

359 3928 436 3991 Fore
453 3931 532 3993 huuc
548 3953 678 3994 amorem
693 3940 840 3994 mutuum.
1199 3953 1229 4002 1⁰
1244 3966 1253 3983 ·

317 4010 345 4076 Ο
361 4013 490 4076 dolitura
504 4036 572 4078 mea
585 4018 711 4079 multum
729 4017 839 4080 virtute
854 4014 998 4084 Neaeral

359 4098 440 4160 Nam
465 4100 490 4161 si
505 4101 577 4182 quid
591 4101 622 4164 in
637 4102 747 4165 Flacco
764 4102 817 4164 viri
833 4110 890 4182 est,
1026 4164 1028 4169 ,

316 4182 387 4247 Non
402 4184 481 4246 feret
495 4186 630 4249 assiduas
646 4187 753 4270 potiori
768 4195 798 4250 te
810 4187 884 4252 dare
899 4194 1015 4270 noctes,

358 4268 400 4331 Et
415 4280 542 4352 quaeret
556 4272 649 4335 iratus
664 4294 781 4356 parem,

315 4352 383 4417 Nec
396 4357 488 4417 semel
503 4357 630 4420 offensae
646 4358 736 4421 cedet
750 4358 918 4424 constantia
931 4360 1057 4442 formae,
1198 4379 1227 4428 ιε

360 4437 393 4501 si
408 4449 509 4505 certus
523 4443 643 4505 intrarit
657 4444 750 4506 dolor.

318 4518 360 4586 Et
374 4531 419 4604 tu,
434 4527 605 4611 quicunque
622 4550 653 4591 es
668 4530 783 4593 felicior
808 4535 899 4614 atque
914 4552 982 4596 meo
996 4549 1077 4596 narro

362 4608 515 4693 Superbus
530 4613 644 4676 incedis
658 4617 747 4694 malo,

317 4690 365 4757 sis
380 4716 486 4777 pecore
502 4707 534 4761 et
549 4700 643 4762 multa
659 4700 742 4764 dives
758 4702 864 4766 tellure
879 4701 982 4766 licebit

358 4779 483 4864 Tibique
499 4782 641 4847 Pactolus
655 4786 740 4866 fluat,
