2900 6042
620 1379 796 1428 olemus

445 1533 611 1617 Utcunque
626 1532 766 1597 defecere
780 1552 879 1597 mores

488 1619 671 1683 Indecorant
684 1619 762 1681 bene
777 1625 850 1681 nata
863 1618 981 1702 culpae.

402 1704 482 1779 Quid
497 1705 619 1777 debeas,
634 1725 652 1767 o
666 1703 775 1782 Roma,
789 1703 972 1783 Neronibus,

402 1790 500 1856 Testis
514 1788 687 1852 Metaurum
701 1789 813 1854 flrunen
839 1794 872 1851 et
885 1787 1060 1855 Hasdrubal

443 1875 590 1939 Devictus
614 1882 646 1936 et
659 1874 786 1956 pulcher
800 1873 912 1955 fugatis

488 1959 546 2022 Ille
562 1958 626 2021 dies
641 1958 728 2021 Latio
742 1957 874 2021 tenebris

401 2043 461 2118 Qui
474 2045 586 2126 primus
601 2043 681 2105 alma
694 2042 760 2105 risit
774 2042 896 2120 adorea

402 2129 495 2193 Dirus
509 2149 564 2211 per
578 2127 668 2190 urbes
682 2127 762 2190 Afer
775 2133 811 2189 ut
830 2126 926 2190 Italus

445 2212 510 2277 Ceu
524 2214 643 2275 flamma
657 2233 712 2295 per
727 2212 832 2275 taedam
847 2212 896 2275 vel
911 2210 1012 2276 Eurus

487 2297 550 2361 Per
565 2296 682 2360 Siculas
697 2297 843 2380 equitavit
860 2296 968 2361 uudss.

402 2382 478 2447 Post
490 2383 547 2447 hoc
561 2381 703 2457 secundis
715 2402 811 2465 usque
825 2382 977 2447 laboribus

402 2467 539 2533 Romane
552 2468 647 2551 pubes
666 2467 764 2530 crevit
788 2472 821 2529 et
835 2466 926 2550 impio

443 2552 573 2618 Vastata
587 2551 758 2615 Poenorum
772 2551 904 2615 tumultu

485 2637 571 2700 Fana
585 2635 658 2700 deos
671 2637 804 2701 habuere
818 2644 917 2701 rectos
932 2650 942 2708 ;

399 2722 544 2806 Dixitque
560 2721 682 2785 tandem
696 2722 828 2805 perfidus
843 2720 1016 2787 Hannibal:

400 2807 491 2873 Cervi
515 2808 653 2891 luporum
669 2806 783 2890 praeda
798 2807 952 2892 rapacium

444 2892 603 2958 Sectamur
616 2892 695 2956 ultro
721 2912 796 2976 quos
809 2893 925 2976 opimus

321 3025 327 3036 .
484 2978 603 3041 Fellere
618 2983 651 3040 et
665 2977 798 3061 effugere
813 2984 859 3041 est
874 2975 1051 3062 triumphus·

400 3061 483 3128 Gens
509 3083 587 3147 quae
602 3069 734 3126 cremato
748 3062 834 3126 fortis
849 3061 887 3125 ab
901 3060 959 3126 Ilio
1149 3059 1152 3064 ’

250 3172 261 3187 ·
398 3145 524 3212 Jactata
537 3147 643 3212 Tuscis
657 3147 836 3231 aequoribus
861 3165 948 3211 sacra

442 3231 599 3315 Notosque
613 3239 806 3316 maturosque
861 3240 923 3295 tres

486 3317 616 3380 Pertulit
629 3317 781 3380 Armenios
850 3316 952 3398 urbes,

399 3401 492 3468 Duris
506 3409 542 3465 ut
556 3403 616 3465 ilex
630 3409 716 3465 tonsa
730 3402 907 3486 bipennibus

397 3487 512 3571 Nigrae
526 3488 621 3551 feraci
634 3487 748 3551 frondis
762 3487 793 3550 iu
806 3485 931 3570 Algido,

440 3573 502 3637 Per
515 3573 636 3651 damna,
650 3593 705 3655 per
720 3572 840 3651 caedes,
855 3571 893 3635 ab
907 3571 973 3655 ipso

481 3657 576 3721 Ducit
589 3678 660 3740 opes
676 3657 865 3740 animumque
880 3657 973 3720 ferro.

399 3740 472 3807 Nou
496 3743 595 3826 hydra
609 3749 692 3806 secto
707 3762 830 3825 corpore
844 3741 958 3806 firmior

396 3827 488 3893 Vinci
502 3828 652 3891 dolentem
667 3827 764 3890 crevit
777 3827 809 3890 iu
823 3825 1000 3906 Herculem,

439 3910 646 3974 Monstrumvs
661 3911 824 3976 submisere
840 3910 945 3976 Colchi

479 3994 580 4059 Maius
595 3994 797 4060 Echioniaeve
812 3997 944 4061 Thebae.

396 4075 514 4142 Menses
528 4079 685 4163 profundo,
700 4082 853 4165 pulchrior
867 4079 991 4147 evenit:

397 4161 539 4242 Ludere,
554 4166 648 4228 multa
661 4174 786 4248 proruet
800 4168 951 4250 integrum

440 4246 517 4312 Cum
530 4250 619 4314 laude
636 4251 779 4315 victorem
805 4260 951 4336 geretque

480 4334 599 4399 Proelia
613 4337 788 4422 conjugibus
802 4337 962 4421 loquenda.

390 4417 572 4504 Karthagini
581 4423 646 4507 jam
661 4445 720 4486 non
736 4443 793 4506 ego
807 4422 927 4486 nuntios

395 4504 518 4570 Mittam
533 4508 695 4591 superbos:
741 4506 863 4584 occidit,
880 4506 991 4571 oceidit

440 4590 517 4676 Spes
530 4594 625 4658 omnis
640 4601 672 4657 et
685 4593 807 4657 fortuna
820 4593 914 4656 nostri

481 4677 619 4742 Nominis
644 4677 836 4742 Hasdrubale
852 4678 1040 4762 interempto.

395 4758 449 4823 Nil
463 4761 607 4826 Claudiae
622 4785 681 4827 nou
694 4764 852 4849 perficient
864 4783 983 4842 manus,

397 4842 479 4920 Quos
492 4854 526 4910 et
536 4847 665 4931 benigno
679 4849 800 4913 numine
814 4847 838 4913 J
838 4848 960 4935 uppiter
