2900 6042
382 1365 468 1433 n
1255 1370 1607 1420 ommuni

815 1529 972 1596 Cum
999 1534 1224 1608 mente,
1253 1545 1368 1590 nec
1399 1533 1639 1610 turpem
1666 1530 1978 1589 senectam

902 1614 1174 1700 Degere,
1201 1632 1317 1678 nec
1347 1612 1584 1676 cithara
1611 1617 1942 1675 carentem.
2416 1626 2483 1676 20

992 2039 1453 2110 GARMEN
1505 2041 1880 2107 XXXII.

737 2391 1100 2456 Posomun.
1193 2384 1261 2451 Si
1290 2385 1435 2469 quid
1469 2384 1644 2450 vacui
1673 2385 1783 2449 sub
1815 2385 2031 2473 umbra

740 2475 1024 2542 Lusimus
1050 2481 1253 2539 tecum
1305 2471 1468 2557 quod
1499 2479 1563 2536 et
1588 2472 1796 2536 hunc
1779 2463 1845 2536 ω’
1873 2490 2099 2537 annum

741 2562 934 2629 Vivat
957 2569 1022 2627 et
1048 2562 1275 2660 plures,
1305 2579 1419 2644 age
1476 2559 1573 2623 dic
1603 2557 1911 2641 Latinum,

1082 2646 1358 2726 Barbite,
1389 2665 1654 2725 carmen,

745 2733 965 2798 Lesbio
991 2733 1252 2817 primum
1275 2730 1579 2794 modulate
1611 2727 1754 2805 civi,
2109 2774 2118 2784 .
2452 2745 2490 2795 5

750 2817 871 2894 Qui
920 2818 1090 2881 ferox
1115 2817 1273 2879 bello
1325 2821 1530 2877 tamen
1556 2815 1716 2878 inter
1744 2833 1934 2895 arma,

754 2902 899 2969 Sive
917 2904 1212 3000 jactatam
1242 2900 1531 2982 religarat
1587 2899 1709 2963 udo

1093 2986 1297 3049 Litore
1327 2985 1549 3064 navim,

751 3072 1042 3138 Liberum
1068 3077 1134 3135 et
1160 3068 1373 3134 Musas
1426 3069 1855 3155 Veneremque
1907 3077 1972 3136 et
1997 3069 2087 3136 illi

978 3179 1009 3221 r
1035 3157 1385 3219 haerentem
1414 3176 1670 3239 puerum
1700 3156 1955 3222 canebat
2431 3175 2494 3226 ιο

755 3156 1883 3390 mmoffiffiffw

758 3413 814 3479 Ο
844 3413 1032 3478 decus
1060 3411 1291 3476 Phoebi
1341 3419 1406 3477 et
1435 3412 1556 3496 dap
1556 3413 1689 3476 ibus
1718 3410 1981 3496 supremi

755 3499 952 3566 Grata
978 3498 1220 3564 testudo
1245 3497 1292 3563 J
1293 3520 1440 3577 ovis,
1472 3519 1508 3563 o
1536 3497 1806 3562 laborum

755 3585 953 3654 Dulce
981 3584 1266 3667 lenimen,
1292 3585 1440 3649 mihi
1468 3605 1707 3670 cunque
1738 3582 1904 3649 salve
2437 3598 2499 3651 ιε

1052 3671 1196 3738 Rite
1226 3671 1488 3738 vocanti.

1019 4092 1480 4161 GARMEN
1538 4093 1972 4164 XXXIII.

761 4442 1067 4521 Ann1,ne
1099 4439 1303 4503 doleas
1331 4438 1469 4523 plus
1494 4438 1676 4503 nimio
1730 4461 1959 4507 memor

764 4527 1021 4594 Immitis
1051 4524 1376 4611 Glycerae,
1404 4546 1527 4589 neu
1554 4526 1923 4593 miserabiles

763 4615 1072 4681 Decantes
1102 4613 1303 4698 elegos
1357 4633 1467 4676 cur
1497 4613 1650 4677 tibi
1622 4613 1829 4697 Junior

1022 4697 1220 4764 Laesa
1246 4698 1586 4783 praeniteat
1611 4698 1755 4761 fide.

771 4783 1078 4867 Insignem
1109 4785 1273 4848 tenui
1301 4785 1497 4848 fronte
1528 4782 1831 4868 Lycorida
2472 4805 2511 4855 ο

774 4868 923 4955 Cyri
952 4875 1141 4934 torret
1166 4891 1350 4946 amor,
1417 4868 1661 4955 Cyrus
1645 4892 1709 4934 m
1743 4888 2015 4955 asperam
