2900 6042
483 1005 487 1015 ι

236 1335 299 1404 174
661 1349 846 1401 ssmsatm

237 1506 364 1573 Cervius
377 1506 454 1572 haec
469 1506 548 1572 inter
563 1507 677 1572 vicinus
693 1507 787 1591 gamit
802 1505 895 1571 aniles

238 1592 284 1659 Ex
300 1616 332 1658 re
347 1594 481 1658 fabellas.
529 1592 562 1657 Si
576 1594 642 1679 quis
658 1616 725 1657 nam
741 1593 845 1656 laudat
860 1592 959 1657 Arelli

238 1679 386 1744 Sollicitas
401 1681 523 1763 ignarus
539 1701 621 1763 opes,
638 1680 680 1743 sic
695 1680 820 1763 incipit:
843 1683 863 1715 ‘⁶
879 1676 960 1741 Olim

237 1765 378 1829 Rusticus
393 1764 538 1829 urbanum
553 1787 669 1828 murem
684 1787 751 1828 mus
765 1785 897 1849 paupere
912 1764 1009 1828 fertur
1242 1787 1275 1837 ω

236 1851 400 1934 Accepisse
415 1872 500 1930 cavo,
516 1858 648 1914 veterem
664 1859 751 1914 vetus
766 1851 873 1935 hospes
888 1850 1028 1932 amicum,

235 1937 338 2020 Asper
352 1946 384 2000 et
398 1944 531 2001 attentus
547 1938 701 2019 quaesitis,
717 1945 752 1999 ut
767 1944 869 1999 tamen
883 1945 983 1999 artum

238 2021 376 2086 Solveret
389 2023 523 2106 hospitiis
539 2023 679 2086 animum.
725 2021 805 2095 Quid
819 2020 939 2085 multat
962 2043 1061 2107 neque
1075 2023 1126 2088 illa

237 2105 366 2192 Sepositi
381 2109 486 2172 ciceris
501 2129 557 2171 nec
572 2109 679 2190 longae
695 2108 801 2171 invidit
816 2128 941 2187 avenae,

199 2221 203 2227 ¹
234 2194 365 2258 Aridum
380 2202 412 2257 ct
426 2216 477 2258 ore
493 2195 593 2257 ferens
608 2195 726 2257 acinum
742 2214 917 2277 semesaque
931 2193 1009 2257 lardi
1242 2216 1275 2265 ω

235 2279 347 2344 Frusta
360 2278 455 2360 dedit,
471 2280 595 2363 cupiens
610 2280 692 2343 vana
706 2280 826 2343 fastidia
841 2299 936 2343 coena

235 2363 368 2429 Vincere
384 2366 534 2449 tangentis
547 2366 625 2428 male
640 2365 758 2448 singula
772 2364 862 2428 dente
877 2363 1027 2449 superbe;

236 2449 312 2514 Cum
328 2458 415 2536 pater
429 2452 492 2535 ipse
507 2451 612 2515 domus
627 2451 715 2535 palea
729 2457 883 2534 porrectus
897 2450 928 2513 in
943 2450 1039 2515 horna

236 2532 327 2600 Esset
340 2536 414 2600 ador
427 2538 600 2620 loliumque,
615 2536 700 2620 dapis
713 2537 837 2600 meliora
851 2535 1032 2620 relinquens.

235 2620 370 2685 'landem
384 2622 516 2686 urbanus
531 2622 680 2687 adhunc:
697 2619 800 2695 ‘Quid
815 2629 847 2685 te
856 2620 967 2706 juvat'
979 2620 1090 2707 inquit,
1099 2626 1109 2662 ‘
1119 2619 1225 2702 amice,
1241 2644 1274 2694 oo

236 2707 397 2792 Praerupti
412 2709 540 2772 nemoris
555 2709 717 2791 patientem
733 2709 832 2771 vivere
848 2707 962 2771 dorso?

236 2792 293 2856 llis
308 2803 342 2857 tu
357 2795 489 2857 homines
504 2794 668 2878 urbemque
683 2794 756 2857 feris
770 2814 954 2877 praeponere
969 2792 1078 2858 silvisi

237 2877 336 2962 Carpe
351 2880 440 2957 viam,
455 2879 526 2941 mihi
542 2879 645 2957 crede,
660 2899 775 2959 comes;
785 2880 941 2943 terrestria
956 2879 1076 2963 quando

235 2963 381 3045 Mortales
396 2965 509 3027 animas
524 2965 629 3026 vivunt
643 2966 759 3044 sortita,
773 2984 872 3049 neque
887 2965 949 3028 ulla
963 2977 1010 3028 est

234 3049 303 3113 Aut
316 3070 424 3132 magno
439 3057 492 3112 aut
506 3070 598 3134 parvo
612 3050 666 3112 leti
680 3051 772 3134 fuga:
795 3071 866 3134 quo,
880 3051 969 3127 boue,
983 3051 1076 3130 circa,
1242 3072 1273 3121 os

235 3132 318 3197 Dum
331 3134 403 3197 licet
428 3135 458 3198 in
474 3136 563 3199 rebus
572 3135 715 3219 jucundis
730 3137 796 3199 vive
811 3137 939 3215 bea-tum

236 3219 315 3282 Vive
332 3241 445 3284 memor
470 3241 559 3304 quam
575 3221 614 3284 sis
630 3221 695 3284 aevi
711 3220 836 3286 brevis'
865 3222 954 3288 Haec
968 3221 1020 3285 ubi
1034 3219 1117 3286 dicta

235 3307 398 3390 Agrestem
414 3307 555 3393 pepulere
584 3307 670 3371 domo
685 3307 759 3370 levis
774 3308 893 3386 exsilit3
916 3307 985 3371 inde

234 3394 334 3457 Ambo
348 3395 528 3478 propositum
543 3400 692 3478 peragunt
705 3394 775 3473 iter,
789 3395 872 3459 urbis
887 3401 1011 3462 aventes

235 3477 357 3543 Moenia
371 3481 509 3543 nocturni
523 3481 695 3563 subrepere.
740 3480 871 3564 Jamque
887 3481 1010 3544 tenebat

235 3563 305 3629 Nox
319 3565 450 3629 medium
466 3567 543 3631 caeli
557 3567 686 3651 spatium
712 3586 782 3629 cum
796 3568 880 3650 ponit
894 3574 1021 3650 uterque

234 3650 272 3715 In
287 3652 435 3734 locuplete
450 3653 538 3716 domo
552 3652 691 3735 vestigia,
706 3652 796 3715 rubro
812 3652 862 3715 ubi
877 3672 967 3716 cocco

234 3736 343 3801 Tincta
356 3759 446 3822 super
460 3739 553 3802 lectos
569 3737 713 3801 canderet
728 3738 819 3801 vestis
833 3739 973 3818 chamos,

233 3820 392 3907 Multaque
409 3823 447 3887 de
461 3844 572 3906 magna
586 3812 778 3907 superessent
791 3822 911 3887 ferc'ula‘
921 3844 1026 3903 coena,

234 3907 320 3980 Quae
335 3909 439 3993 procul
454 3909 614 3972 exstructis
629 3909 749 3972 inerant
762 3909 904 3973 hesterna
919 3907 1066 3973 canistris.

235 3991 319 4076 Ergo
333 3994 384 4057 ubi
399 4014 551 4080 purpurea
565 4002 736 4078 porrectum
750 3993 782 4057 in
795 4003 879 4059 veste
894 3994 1005 4058 locavit

234 4080 410 4162 Agrestem,
425 4080 517 4142 veluti
531 4080 701 4143 succinctus
731 4081 857 4144 cursitat
870 4082 979 4164 hospes

235 4163 455 4248 Continuatque
471 4165 564 4249 dapes
590 4186 646 4228 nec
661 4187 720 4229 non
735 4167 889 4230 verniliter
901 4166 973 4251 ipsis

235 4249 386 4333 Fungitur
398 4251 512 4329 officiis,
528 4251 736 4334 praelambens
751 4273 836 4316 omne
852 4253 931 4337 quod
947 4253 1044 4316 affert.

235 4335 293 4399 Ille
308 4337 420 4400 cubans
434 4337 548 4420 gaudet
562 4345 677 4400 mutata
691 4344 771 4400 sorte
786 4338 930 4422 bonisque

233 4419 337 4486 Rebus
352 4423 415 4506 agit
429 4423 541 4486 lactum
557 4423 721 4501 convivam,
737 4444 806 4486 cum
821 4426 918 4487 subito
933 4423 1040 4508 ingens

233 4507 400 4571 Valvarum
414 4509 557 4592 strepitus
570 4509 656 4572 lectis
673 4510 804 4572 excussit
817 4518 989 4593 utrumque.

235 4593 365 4657 Currere
381 4615 436 4678 per
450 4602 545 4657 totum
560 4594 660 4678 pavidi
676 4595 829 4674 conclave,
843 4597 998 4680 magisque

235 4677 397 4743 Exanimes
412 4680 573 4762 trepidare,
589 4680 676 4742 simul
691 4680 796 4743 domus
813 4683 874 4745 alta
889 4681 1027 4745 Molossis

234 4763 392 4828 Personuit
407 4766 541 4829 canibus.
586 4766 662 4828 Tum
677 4767 823 4831 rusticus:
848 4771 858 4805 ⁴
872 4765 967 4831 Haud
983 4763 1055 4828 mibi
1070 4764 1135 4830 vita
1260 4786 1273 4800 ·

235 4846 292 4913 Est
306 4871 379 4934 opus
393 4851 470 4931 hac,'
490 4853 543 4932 ait,
558 4859 567 4891 ‘
581 4862 613 4918 et
627 4854 750 4932 valcas;
765 4876 814 4918 me
830 4856 907 4921 silva
921 4874 1075 4938 cavasque

234 4933 330 5001 Tutus
345 4935 383 5001 ab
398 4936 512 5001 insidiis
528 4940 610 5003 tenui
624 4940 768 5006 solabitur
782 4947 876 5010 erro?
890 4946 911 4980 ”
