2900 6042
1104 1597 1234 1644 m.
1281 1596 1387 1644 m.
1436 1569 1633 1643 canu.
1682 1598 1747 1643 v.

721 1748 845 1816 Sed
876 1750 1022 1835 quid
1050 1749 1371 1834 Typhoeus
1401 1756 1466 1812 et
1494 1749 1728 1812 validus
1756 1750 1999 1826 Mimas,

715 1836 850 1901 Aut
877 1835 1022 1920 quid
1051 1836 1269 1899 minaci
1299 1835 1677 1919 Porphyrion
1706 1843 1891 1917 statu,

804 1921 964 1996 Quid
993 1922 1265 1984 Rhoetus
1318 1923 1657 2005 evolsisque
1688 1923 1916 1986 truncis

886 2006 1230 2070 Enceladus
1250 2009 1554 2091 jaculator
1583 2007 1780 2070 audax

719 2089 944 2175 Contra
971 2101 1282 2155 sonantem
1312 2093 1579 2155 Palladis
1610 2093 1827 2174 aegida

715 2176 973 2240 Possent
999 2185 1243 2240 ruentes
1269 2177 1295 2240 ’ἒ
1385 2178 1549 2239 Hinc
1581 2178 1789 2242 avidus
1822 2179 1994 2242 stetit

743 2284 750 2291 ·
800 2262 1139 2343 Volcanus,
1169 2264 1305 2326 hino
1337 2270 1609 2325 matrona
1635 2262 1679 2325 J
1682 2285 1800 2327 uno
1854 2271 1918 2327 et

884 2347 1214 2432 Nunquam
1242 2348 1506 2411 humeris
1536 2349 1836 2430 positurus
1865 2369 2096 2430 arcum,

717 2430 836 2507 Qui
863 2454 998 2498 rore
1028 2455 1177 2516 puro
1210 2431 1509 2497 Castaliae
1538 2434 1687 2496 lavit

716 2516 930 2582 Crines
959 2519 1203 2598 solutoS,
1233 2519 1336 2601 qui
1366 2518 1593 2602 Lyciae
1625 2525 1795 2582 tenet

802 2603 1070 2667 Dumeta
1096 2605 1477 2686 natalemque
1508 2605 1740 2683 silvam,

887 2688 1100 2753 Delius
1129 2696 1194 2752 et
1221 2689 1518 2751 Patareus
1547 2688 1786 2772 Apollo.

718 2771 834 2838 Vis
863 2774 1067 2837 consili
1096 2794 1311 2857 expers
1340 2775 1493 2836 mole
1525 2775 1646 2836 ruit
1672 2793 1820 2837 sua:

718 2858 864 2925 Vim
895 2865 1285 2943 temperatam
1316 2859 1377 2922 di
1406 2880 1645 2943 quoque
1676 2858 2017 2942 provehunt

802 2943 879 3007 In
906 2946 1138 3028 majus3
1184 2945 1343 3007 idem
1372 2944 1555 3007 odere
1585 2945 1745 3007 vires

825 3108 828 3109 ⁷
892 3028 1085 3093 Omne
1115 3030 1286 3094 nefas
1315 3029 1870 3094 animo‘moventes.

716 3113 912 3178 Testis
940 3136 1208 3179 mearum
1238 3115 1610 3178 centimanus
1642 3112 1813 3200 Gyas

719 3197 1189 3278 Sententiarum,
1214 3207 1394 3264 notus
1424 3207 1489 3263 et
1515 3201 1787 3284 integrae

800 3285 1089 3349 Tentator
1119 3284 1307 3349 Orion
1329 3285 1563 3349 Dianae

887 3370 1182 3454 Virginea
1211 3370 1468 3434 domitus
1497 3371 1739 3453 sagitta.

716 3453 954 3539 Injecta
980 3457 1256 3520 monstris
1286 3456 1478 3520 Terra
1506 3457 1670 3519 dolet
1699 3455 1824 3520 suis

715 3538 1072 3624 Maeretque
1103 3549 1312 3624 partus
1340 3542 1587 3604 fulmine
1617 3541 1884 3604 luridum

798 3625 1018 3690 Missos
1048 3627 1126 3690 ad
1159 3626 1423 3702 Orcum3
1469 3647 1582 3689 nec
1614 3626 1853 3710 peredit

884 3711 1230 3795 Impositam
1262 3713 1424 3775 celer
1451 3712 1607 3794 ignis
1636 3711 1909 3790 Aetnen,

714 3795 1150 3861 Incontinentis
1176 3817 1288 3859 nec
1319 3796 1482 3880 Tityi
1501 3798 1682 3880 jecur

716 3881 987 3964 Reliquit
1016 3882 1164 3960 ales,
1192 3881 1497 3964 nequitiae
1529 3881 1770 3944 additus

804 3963 1019 4029 Custos
1046 3986 1063 4041 ;
1094 3973 1420 4029 amatorem
1453 3971 1766 4029 trecentae

887 4050 1222 4115 Pirithoum
1244 4050 1530 4114 'cohibent
1558 4057 1832 4115 catenae.

1102 4474 1560 4542 OARMEN
1617 4474 1703 4541 V.

803 4814 1016 4881 GAELO
1049 4815 1386 4881 Tonantem
1419 4812 1784 4879 credidimus
1812 4807 1858 4872 J
1861 4831 2072 4877 ovem·

801 4902 1126 4986 Regnare:
1175 4921 1459 4984 praesens
1489 4901 1661 4962 divus
1690 4899 2007 4963 habebitur

887 4989 1208 5071 Augustus
1261 4985 1512 5070 adjectis
1542 4984 1850 5047 Britannis

965 5072 1228 5159 Imperio
1257 5071 1656 5156 gravibusque
1685 5068 1910 5134 Persis.

2370 1582 2455 1651 5⁷
