2900 6042
1177 1425 1306 1471 ms.
1354 1425 1402 1471 1.
1451 1423 1586 1471 sn.
1635 1425 1700 1472 x.
2350 1409 2468 1477 151

402 1581 773 1667 Scriptum,
802 1603 999 1665 neque
1055 1588 1114 1645 te
1145 1589 1214 1645 ut
1241 1582 1493 1645 miretur
1522 1583 1699 1646 turba
1748 1584 2001 1666 labores,

400 1666 733 1732 Contentus
763 1669 968 1751 paucis
996 1669 1337 1730 lectoribus,
1427 1669 1533 1730 An
1564 1677 1668 1731 tua
1697 1668 1943 1735 demens

396 1752 636 1817 Vilibus
665 1755 727 1816 in
756 1753 911 1816 ludis
943 1754 1157 1816 dictari
1188 1753 1453 1816 carmina
1481 1753 1697 1817 malis?
2408 1779 2470 1829 75

394 1837 462 1903 N
462 1860 538 1903 on
568 1861 717 1922 ego:
764 1859 903 1901 nam
931 1840 1076 1902 satis
1105 1846 1198 1901 est
1225 1838 1490 1921 equitem
1518 1840 1658 1901 mihi
1691 1840 1997 1923 plaudete,
2028 1849 2098 1907 ut
2124 1843 2322 1909 audax

398 1922 728 1988 contemtis
758 1925 888 1987 aliis
918 1926 1159 2008 explosa
1187 1924 1531 1986 Arbuscula
1559 1924 1728 1987 dixit.

395 2008 545 2074 Men
596 2016 834 2073 moveat
865 2011 1058 2072 cimex
1088 2009 1405 2088 Pantilius,
1435 2017 1541 2072 aut
1576 2012 1807 2075 cruciet
1834 2012 1996 2096 quod

394 2096 660 2160 Vellicet
687 2096 995 2158 absentem
1026 2096 1395 2173 Demetrius,
1425 2102 1532 2157 aut
1561 2096 1720 2178 quod
1751 2098 1988 2181 ineptus

316 2180 321 2185 ’
392 2181 658 2246 Fannius
684 2180 1086 2263 Hermogenis
1113 2181 1316 2243 laedat
1348 2181 1598 2243 conviva
1628 2181 1892 2264 Tigelli?
2403 2209 2466 2257 ω

391 2266 623 2331 Plotius
654 2273 719 2330 et
744 2266 993 2345 Varius,
1024 2266 1350 2329 Maecenas
1378 2265 1815 2350 Virgiliusque‚

391 2353 649 2436 Valgius
680 2358 744 2415 et
771 2352 984 2435 probet
1009 2353 1160 2414 haec
1194 2350 1483 2413 Octavius
1514 2351 1768 2433 optimus
1798 2359 1979 2437 atque

390 2437 647 2518 Fuscus,
680 2445 743 2500 et
772 2437 920 2499 haec
951 2437 1180 2499 utinam
1208 2436 1530 2499 Viscorum
1558 2436 1766 2500 laudet
1797 2441 2088 2523 uterque!

387 2524 734 2587 Ambitione
766 2523 1036 2604 relegata
1065 2529 1125 2584 te
1157 2521 1358 2583 dicere
1393 2540 1655 2603 possum,

388 2607 602 2687 Pollio,
634 2616 719 2686 te,
750 2607 1036 2684 Messala,
1067 2614 1170 2668 tuo
1200 2626 1337 2668 cum
1365 2606 1577 2685 fratre,
1605 2606 1901 2690 simulque
2199 2600 2210 2611 ’
2396 2602 2478 2683 ω’
2521 2606 2536 2621 ’

388 2695 541 2774 Vos,
571 2693 774 2757 Bibuli
804 2699 869 2755 et
901 2690 1097 2771 Servi,
1127 2691 1299 2754 simul
1324 2690 1419 2757 his
1449 2697 1534 2770 te,
1565 2690 1817 2754 candide
1846 2692 2059 2774 Furni,

391 2779 741 2862 Complures
770 2778 938 2856 alios,
970 2776 1174 2840 doctos
1205 2798 1318 2859 ego
1343 2797 1492 2859 quos
1528 2783 1592 2840 et
1621 2777 1840 2840 amicos

387 2859 668 2928 Prudens
698 2871 1011 2948 praetereo
1027 2882 1043 2937 ;
1088 2861 1302 2945 quibus
1332 2862 1505 2940 haec,
1535 2861 1656 2925 sint
1684 2862 2159 2952 qualiacunque,

383 2950 678 3014 Arridere
709 2949 908 3027 velim,
938 2948 1228 3011 doliturus
1280 2946 1330 3011 si
1361 2948 1642 3031 placeant
1667 2968 1773 3031 spe

383 3034 671 3099 Deterius
702 3044 926 3098 nostra.
1017 3033 1312 3112 Demetri,
1344 3039 1549 3116 teque,
1582 3033 1820 3116 Tigelli,
2393 3058 2459 3107 ςιο

383 3121 827 3205 Discipularum
855 3120 1013 3182 inter
1030 3119 1218 3203 jubeo
1252 3119 1483 3202 plorare
1515 3118 1851 3183 cathedras.

382 3205 441 3287 1,
468 3228 642 3294 puer,
671 3213 854 3292 atque
885 3225 1018 3269 meo
1048 3205 1202 3268 citus
1230 3204 1378 3268 haec
1410 3204 1716 3268 subscribe
1744 3204 1965 3270 libello.
