2900 6042
1159 1414 1351 1461 cm.
1395 1415 1534 1464 xvr.
2260 1396 2390 1464 119

569 1560 707 1626 Nec
737 1567 799 1626 te
829 1561 1214 1648 Pythagorae
1242 1563 1457 1627 fallant
1485 1582 1707 1627 arcana
1736 1562 1953 1642 renati,

652 1647 707 1711 F
706 1669 990 1732 ormaque
1020 1651 1225 1714 vincas
1255 1649 1468 1727 Nirea,

570 1731 749 1797 Eheu
806 1733 1132 1797 translatos
1183 1735 1298 1798 alio
1326 1734 1620 1800 maerebis
1649 1753 1917 1799 amores:

654 1819 778 1884 Ast
806 1841 918 1904 ego
950 1820 1204 1885 vicissim
1230 1821 1437 1885 risero.

970 2249 1435 2332 CARMEN
1494 2250 1718 2318 XVI.

390 2593 660 2659 Auram
680 2593 810 2678 jam
840 2595 1057 2659 teritur
1082 2594 1255 2659 bellis
1286 2593 1557 2658 civilibus
1586 2600 1776 2674 aetas,

481 2679 620 2743 Suis
650 2686 715 2743 et
740 2680 872 2764 ipsa
900 2681 1095 2744 Roma
1123 2681 1348 2744 viribus
1376 2680 1500 2743 ruit
1531 2701 1549 2743 τ

390 2764 590 2841 Quam
618 2787 813 2849 neque
843 2767 1077 2830 finitimi
1105 2767 1423 2830 valuerunt
1450 2764 1705 2849 perdere
1735 2762 1929 2828 Marsi

476 2850 736 2915 Minacis
765 2859 873 2915 aut
902 2852 1164 2917 Etrusca
1192 2851 1496 2915 Porsenae
1529 2870 1763 2929 manus,

391 2935 654 3001 Aemula
681 2957 794 3001 nec
826 2937 1014 3001 virtus
1045 2936 1290 3021 Capuae
1345 2958 1459 3001 nec
1494 2935 1823 3020 Spartacus
1850 2954 1995 3001 acer
2349 2953 2381 3002 ⁵

477 3021 542 3085 N
544 3023 788 3106 ovisque
818 3024 999 3088 rebus
1030 3023 1285 3087 infidelis
1314 3023 1625 3103 AllobroX,

391 3106 529 3172 Nec
557 3107 690 3171 fera
719 3110 999 3172 caerulea
1024 3109 1254 3172 domuit
1283 3108 1609 3172 Germania
1636 3107 1793 3190 pube

476 3192 955 3278 Parentibusque
985 3195 1356 3258 abominatus
1385 3193 1716 3272 Hannibal,

391 3278 587 3363 Impia
616 3280 934 3362 perdemus
964 3280 1163 3343 devoti
1191 3280 1499 3362 sanguinis
1529 3287 1720 3358 actae,

476 3364 531 3428 F
532 3365 767 3448 erisque
796 3387 1002 3429 rursus
1031 3367 1420 3450 occupabitur
1449 3366 1659 3428 solum.
2318 3379 2382 3434 10

389 3449 697 3514 Barbarus
745 3451 866 3514 heu
925 3452 1162 3514 cineres
1212 3452 1450 3514 insistet
1481 3452 1669 3513 victor
1713 3454 1777 3512 et
1805 3447 2039 3513 Urbem
2135 3472 2137 3475 ·

476 3535 682 3619 Eques
709 3545 957 3600 sonante
990 3536 1332 3600 verberabit
1359 3537 1608 3618 ungula,

390 3619 680 3704 Quaeque
711 3631 921 3685 carent
953 3623 1145 3685 ventis
1177 3629 1239 3685 et
1268 3622 1489 3684 solibus
1518 3640 1657 3684 ossa
1684 3617 1941 3699 Quirini,

475 3706 671 3771 Nefas
700 3707 905 3770 videre
929 3706 943 3771 Ξ
992 3707 1302 3790 dissipabit
1327 3708 1606 3769 insolens·

387 3791 572 3858 Forte
603 3791 749 3876 quid
780 3791 1063 3875 expediat
1091 3792 1483 3854 communiter
1535 3797 1641 3854 aut
1667 3790 1876 3854 melior
1896 3809 2039 3875 pars
2320 3808 2383 3860 15

473 3877 656 3941 Malis
686 3898 894 3941 carere
923 3878 1210 3960 quaeritis
1239 3878 1577 3940 laboribus:

390 3963 579 4028 Nulla
607 3963 688 4026 sit
714 3963 827 4026 hac
858 3962 1051 4046 potior
1080 3963 1400 4040 sententia,
1468 3962 1881 4028 Phocaeorum

321 4105 325 4108 .
475 4048 667 4115 Velut
695 4049 869 4131 profu
915 4048 962 4111 ’t
990 4055 1304 4112 exsecrata
1332 4049 1544 4113 civitas

389 4132 593 4218 Agros
622 4141 804 4217 atque
913 4154 1050 4198 ares
1092 4135 1320 4219 patrios
1371 4134 1815 4218 habitandaque
1844 4132 1989 4197 fana

474 4219 663 4302 Apris
691 4220 935 4303 reliquit
963 4228 1027 4282 et
1053 4221 1371 4304 rapacibus
1399 4221 1579 4304 lupis,
2313 4235 2381 4286 20

391 4304 494 4369 Ire
602 4305 710 4368 des
739 4326 1094 4388 quoeunque
1124 4307 1346 4385 ferent,
1378 4326 1735 4390 quocunque
1754 4324 1876 4387 ·per
1904 4302 2099 4367 undas

544 4398 676 4454 otus
706 4391 942 4454 vocabit
970 4398 1076 4453 aut
1106 4399 1418 4475 protervus
1449 4391 1719 4453 Africus·

395 4472 496 4539 Sic
526 4474 776 4560 placet?
807 4497 886 4540 an
913 4477 1124 4539 melius
1155 4476 1287 4559 quis
1317 4477 1500 4538 habet
1526 4475 1781 4538 suadere
1808 4472 1960 4537 ?'—
1986 4469 2273 4538 Secunda

478 4561 699 4625 Ratem
727 4582 1024 4645 occupare
1055 4561 1199 4644 quid
1228 4582 1528 4623 moramur
1556 4561 1697 4623 alite
1723 4558 1750 4623 ’ἓ

394 4644 520 4712 Sed
539 4648 814 4732 juremus
843 4647 906 4710 in
933 4647 1120 4709 haec:
1174 4644 1361 4710 Simul
1390 4646 1522 4709 imis
1552 4666 1698 4709 saxa
1725 4642 1996 4710 renarint
2317 4665 2383 4716 25

477 4732 674 4798 Vadis
699 4733 924 4813 levata,
954 4754 1030 4796 ne
1062 4732 1260 4796 redire
1291 4733 1369 4795 sit
1390 4733 1560 4795 nefas
1588 4752 1605 4808 ;

390 4817 537 4884 Neu
567 4838 857 4883 conversa
883 4818 1122 4882 domum
1152 4819 1359 4902 pigeat
1386 4818 1533 4881 dare
1562 4819 1769 4899 lintea,
1799 4815 2042 4901 quando

475 4903 683 4969 Padus
710 4902 948 4970 Matina
977 4905 1194 4968 laverit
1224 4905 1556 4986 cacumina,
