2900 6042
610 4861 664 5043 g

1067 1523 1196 1570 LIB.
1247 1523 1321 1568 11.
1372 1523 1569 1569 CARM.
1618 1524 1743 1571 VII.

703 1678 891 1744 Tibur
939 1677 1148 1760 Argeo
1179 1678 1435 1760 positum
1460 1678 1663 1741 colono

704 1762 996 1842 Sitmeae
1027 1763 1201 1825 sedes
1230 1764 1461 1825 utinam
1492 1771 1797 1844 senectae,

706 1848 801 1915 Sit
827 1848 1036 1912 modus
1066 1849 1222 1910 lasso
1252 1850 1433 1911 maris
1465 1856 1529 1912 et
1556 1850 1788 1912 viarum

888 1925 898 1939 ⁸
1042 1933 1456 2017 Militiaequel

702 2018 889 2084 Unde
919 2019 970 2083 si
999 2019 1232 2082 Parcae
1263 2021 1580 2102 prohibent
1608 2021 1872 2104 iniquae,

697 2105 892 2169 Dulce
924 2105 1140 2188 pellitis
1164 2105 1371 2168 ovibus
1404 2105 1647 2169 Galaesi

697 2191 953 2256 Flumen
985 2197 1048 2254 et
1077 2198 1331 2274 regnata
1359 2199 1563 2273 petam
1591 2190 1818 2255 Laconi

1041 2276 1214 2339 Rura
1245 2277 1601 2342 Phalantho,
1647 2349 1658 2359 ,

697 2362 814 2426 Ille
847 2369 1145 2425 terrarum
1173 2362 1317 2424 mihi
1347 2371 1591 2444 praeter
1618 2384 1822 2428 omnes

696 2448 981 2530 Angulus
1012 2448 1170 2510 ridet
1221 2447 1321 2509 ubi
1351 2469 1469 2510 non
1489 2448 1787 2534 Hymetto

699 2533 891 2598 Mella
918 2531 1222 2596 decedunt
1275 2533 1568 2616 viridique
1598 2541 1796 2598 certat

1039 2617 1209 2681 Baca
1240 2616 1560 2695 Venafr03

696 2703 833 2770 Ver
859 2701 964 2766 ubi
990 2702 1234 2784 longum
1262 2701 1616 2786 tepidasque
1647 2704 1900 2787 praebet

694 2789 742 2854 J
743 2786 985 2873 uppiter
1015 2786 1283 2866 brumas,
1314 2793 1380 2851 et
1409 2789 1640 2853 amicus
1669 2789 1878 2855 Aulon

693 2874 908 2939 Fertili
933 2874 1180 2937 Baccho
1208 2875 1517 2938 minimum
1543 2876 1817 2942 Falernis

1035 2958 1281 3022 Invidet
1309 2960 1464 3024 uvis.

692 3045 809 3110 Ille
837 3051 900 3109 te
927 3065 1164 3108 meeum
1191 3046 1358 3109 locus
1389 3052 1454 3109 et
1480 3046 1694 3110 beatae

690 3131 1010 3196 Postulant
1038 3151 1250 3194 arces:
1295 3131 1380 3194 ibi
1409 3138 1478 3193 tu
1506 3133 1802 3196 calentem

687 3216 914 3282 Debita
940 3236 1190 3302 sparges
1217 3216 1466 3280 lacrima
1492 3218 1755 3283 favillam

1030 3301 1209 3367 Vatis
1238 3303 1436 3367 amici.
1463 3347 1476 3358 .

1032 3723 1491 3790 CARMEN
1548 3725 1752 3791 VII.

689 4068 744 4135 Ο
778 4083 978 4132 SAEPE·
1007 4086 1240 4130 mecum
1271 4075 1509 4151 tempus
1536 4068 1599 4130 in
1630 4067 1905 4132 ultimum

684 4154 967 4221 Deducte
1020 4151 1215 4216 Bruto
1246 4154 1490 4217 militiae
1522 4154 1699 4233 duce,

771 4239 919 4314 Quis
949 4245 1010 4301 te
1040 4239 1353 4304 redonavit
1383 4238 1679 4313 Quiritem

852 4324 965 4387 Dis
996 4325 1201 4407 patriis
1233 4325 1509 4408 Italoque
1539 4326 1728 4405 cae10,

686 4410 935 4494 Pompei
986 4431 1254 4472 meorum
1284 4411 1472 4493 prime
1503 4411 1816 4487 sodalium,

686 4495 841 4561 Cum
871 4516 988 4578 quo
1016 4503 1348 4558 morantem
1377 4517 1558 4579 saepe
1589 4496 1749 4559 diem
1776 4516 1946 4561 mero

770 4581 955 4662 Fregi
987 4587 1300 4642 coronatus
1330 4581 1592 4644 nitentes

853 4664 1232 4728 Malobathro
1263 4662 1440 4748 Syrio
1472 4664 1764 4749 capillos?

685 4751 915 4816 Tecum
944 4750 1252 4833 Philippos
1281 4756 1345 4812 et
1372 4750 1632 4813 celerem
1660 4753 1871 4835 fugam

685 4835 864 4903 Sensi
914 4836 1127 4899 relicta
1155 4856 1271 4898 non
1301 4835 1458 4899 bene
1489 4837 1780 4920 parmula,
1924 4877 1927 4881 ·

765 4921 922 4986 Cum
964 4922 1162 4984 fracta
1223 4922 1412 4984 virtus
1441 4929 1507 4984 et
1533 4922 1798 4986 minaces

852 5006 1056 5091 Turpe
1085 5008 1272 5155 stilum
1304 5007 1560 5091 tetigere
1589 5014 1810 5072 mente.

2381 2131 2443 2181 lo

2376 2554 2440 2605 15

2366 4869 2429 4919 10
