2900 6042
1118 1429 1248 1475 ΗΒ.
1297 1428 1373 1475 11.
1421 1427 1559 1474 sn.
1609 1429 1714 1476 111.
2339 1414 2465 1482 159
2535 1390 2541 1395 ’

387 1578 630 1646 Emovit
657 1588 923 1646 veterem
955 1583 1104 1645 mire
1134 1604 1346 1660 nome,
1375 1589 1445 1644 ut
1474 1583 1647 1661 solet,
1677 1582 1739 1647 in
1771 1604 1875 1648 cor

384 1667 664 1752 Trajecto
696 1669 901 1732 lateris
930 1670 1128 1732 miseri
1159 1669 1445 1751 capitisve
1482 1669 1707 1744 dolore,

387 1753 477 1818 Ut
508 1754 873 1836 lethargicus
896 1756 992 1817 hic
1024 1775 1159 1817 cum
1189 1756 1258 1816 fit
1287 1776 1411 1836 pug
1377 1755 1454 1816 ‹ril
1485 1762 1547 1816 et
1578 1756 1876 1818 medicum
1906 1762 2105 1839 urget.
2398 1777 2457 1828 ac

383 1837 548 1902 Dum
579 1862 655 1903 ne
687 1842 830 1925 quid
861 1842 1047 1903 simile
1075 1841 1213 1902 huic
1268 1849 1395 1901 esto
1427 1846 1495 1901 ut
1524 1840 1734 1902 libet)
1694 1839 1734 1869 ”
1770 1844 1804 1878 ‘⁶
1832 1841 1886 1905 Ο
1918 1843 2093 1922 bone,
2123 1864 2201 1906 ne
2232 1850 2293 1908 te

382 1923 743 1990 Frustrere:
789 1927 1013 1990 insanis
1043 1933 1106 1988 et
1137 1938 1202 1988 tu
1254 1926 1541 2008 stultique
1575 1947 1757 2009 prope
1788 1949 2014 2026 omnes,

387 2006 454 2072 Si
485 2012 627 2094 quid
662 2012 984 2076 Stertinius
1015 2011 1142 2074 veri
1172 2019 1401 2094 crepat,
1431 2010 1592 2073 unde
1624 2033 1747 2094 ego
1766 2013 1918 2076 mira

383 2093 691 2180 Descripsi
722 2099 928 2161 docilis
958 2104 1282 2197 praecepta
1311 2096 1485 2173 haec,
1514 2105 1781 2179 tempore
1813 2119 1931 2183 quo
1957 2120 2053 2162 me

387 2178 489 2244 Sol
470 2182 626 2245 latus
644 2185 826 2268 jussit
854 2184 1184 2266 sapientem
1215 2203 1460 2264 pascere
1493 2181 1738 2245 barbam
2393 2206 2453 2255 35

380 2265 590 2350 Atque
621 2289 659 2331 a
686 2269 961 2331 Fabricio
990 2289 1106 2330 non
1140 2268 1370 2330 tristem
1400 2275 1579 2349 ponte
1609 2267 1852 2330 reverti.

382 2350 545 2414 Nam
574 2354 727 2416 male
758 2375 822 2416 re
855 2360 1027 2435 gesta
1056 2373 1191 2414 cum
1224 2352 1437 2414 vellem
1468 2353 1703 2414 mittere
1736 2360 1941 2435 operto

380 2434 487 2500 Me
520 2439 714 2521 capite
745 2439 807 2500 in
835 2439 1081 2515 flumen,
1111 2437 1325 2499 dexter
1353 2437 1521 2499 stetit
1552 2444 1636 2515 et,
1668 2435 1832 2500 Cave
1872 2438 2027 2502 faxis

380 2521 468 2585 Te
500 2522 820 2622 quidquam
849 2522 1199 2604 indignum:
1250 2521 1465 2619 pudor,
1494 2521 1710 2603 inquit,
1742 2529 1804 2585 te
1834 2524 2025 2586 malus
2053 2524 2245 2607 angit,

381 2607 634 2672 Insanos
664 2609 768 2693 qui
796 2609 955 2671 inter
984 2627 1229 2669 vereare
1259 2608 1503 2668 insanus
1533 2606 1760 2669 haberi.
2389 2629 2451 2678 ⁴⁰

381 2692 652 2756 Primum
681 2715 819 2757 nam
849 2693 1143 2776 inquiram
1196 2692 1340 2774 quid
1371 2692 1448 2754 sit
1477 2693 1721 2755 furere.
1768 2693 1882 2756 hoc
1912 2692 1965 2756 si
1993 2692 2152 2757 erit’
2135 2715 2199 2758 m
2228 2698 2291 2803 te

387 2777 526 2841 Solo
577 2779 661 2841 nil
692 2779 858 2841 verbi
915 2798 1126 2861 pereas
1156 2778 1300 2860 quin
1331 2777 1569 2840 fortiter
1622 2777 1862 2841 addam.

384 2861 578 2936 Quem
607 2865 766 2927 mala
791 2864 1046 2927 stultitia
1074 2871 1137 2926 et
1207 2883 1587 2948 uemcunque
1632 2863 1868 2927 inscitia
1897 2864 2024 2927 veri

383 2947 648 3012 Caecum
679 2950 825 3033 agit,
853 2950 1143 3012 insanum
1158 2884 1478 3032 Chrysippi
1507 2949 1771 3034 porticus
1800 2957 1865 3012 et
1893 2971 2045 3033 grex

344 3093 349 3096 .
377 3032 699 3098 Autumat.
790 3036 965 3099 Haec
997 3036 1264 3138 populoS,
1294 3035 1442 3098 haec
1474 3055 1721 3118 magnos
1749 3035 2005 3100 formula
2032 3054 2211 3120 reges
2386 3055 2450 3104 ⁴⁵

381 3118 654 3204 Excepto
681 3122 949 3205 sapiente
982 3126 1167 3183 tenet.
1258 3120 1439 3183 Nunc
1473 3121 1677 3203 accipe
1730 3141 1917 3204 quare

380 3204 697 3290 Desipiant
725 3228 931 3270 omnes
961 3227 1153 3290 aeque
1185 3227 1256 3270 ac
1289 3213 1354 3268 tu
1409 3206 1524 3289 qui
1546 3206 1650 3268 tibi
1682 3227 1897 3270 nomen

379 3289 604 3355 Insano
633 3313 906 3375 posuere.
997 3291 1189 3355 Velut
1218 3292 1380 3354 silvis
1433 3292 1535 3353 ubi
1565 3291 1786 3374 passim

379 3375 665 3440 Palantes
696 3399 864 3441 error
892 3384 1058 3441 certo
1088 3377 1163 3440 de
1197 3377 1433 3439 tramite
1466 3378 1654 3460 pellit,

376 3459 492 3525 Ille
524 3463 922 3526 sinistrorsum
953 3462 1048 3525 hic
1083 3462 1457 3525 dextrorsum
1487 3462 1636 3524 abit·
1665 3481 1819 3524 unus
1849 3461 2091 3545 utrique
2358 3481 2447 3531 ‘5⁰

379 3545 584 3626 Error,
597 3548 706 3611 sed
735 3549 915 3611 variis
944 3548 1142 3611 illudit
1169 3549 1489 3631 partibus;
1530 3547 1642 3608 hoc
1674 3554 1734 3609 te

380 3630 577 3696 Crede
605 3634 824 3696 modo
809 3655 1103 3710 insanum,
1133 3634 1313 3695 nihilo
1344 3639 1412 3694 ut
1444 3631 1767 3712 sapientior
1793 3630 1936 3694 ille

379 3715 498 3790 Qui
528 3727 588 3781 te
620 3718 856 3781 deridet
907 3718 1162 3781 caudam
1193 3717 1410 3780 trahat.
1504 3715 1617 3778 Est
1646 3736 1836 3798 genus
1864 3734 2052 3778 unum

381 3801 686 3867 Stultitiae
716 3804 965 3865 nihilum
995 3802 1319 3865 metuenda
1349 3801 1634 3879 timentis,
1661 3809 1732 3862 ut
1759 3800 1952 3883 ignes,

378 3887 467 3952 Ut
496 3903 677 3971 rupes
708 3889 1033 3971 fluviosque
1066 3888 1127 3950 in
1159 3908 1367 3970 campo
1396 3887 1632 3949 obstare
1663 3893 1953 3969 queratur
1978 3905 1996 3963 ς
2385 3902 2450 3953 5⁵

379 3973 661 4036 Alterum
691 3984 755 4036 et
781 3973 918 4035 huic
955 3993 1159 4037 varum
1190 3980 1253 4035 et
1280 3972 1463 4035 nihilo
1493 3971 1819 4056 sapientius
1847 3971 2021 4054 ignes

377 4058 502 4121 Per
531 4058 754 4121 medios
782 4059 1106 4141 fluviosque
1138 4058 1408 4122 ruentiS.
1458 4059 1677 4120 clamet
1705 4057 1897 4120 amica

376 4143 604 4222 Mater,
633 4144 886 4207 honesta
915 4165 1082 4208 soror
1111 4164 1246 4207 cum
1277 4144 1571 4226 cognatiS,
1605 4153 1799 4240 pater,
1830 4162 2020 4204 uxor.

375 4233 418 4265 “
442 4230 565 4292 Hic
597 4230 756 4293 fossa
785 4238 881 4293 est
912 4231 1146 4312 ingens,
1177 4230 1275 4293 hic
1307 4251 1495 4311 rupes
1526 4227 1806 4306 maxima,
1838 4224 2115 4292 serval''

379 4312 444 4377 N
445 4335 523 4376 on
554 4315 743 4396 magis
773 4314 1050 4394 audierit,
1082 4337 1261 4398 quam
1291 4314 1500 4377 Fufius
1531 4314 1729 4376 ebrius
1765 4313 1927 4390 olim,
2387 4329 2451 4380 δυ

380 4396 581 4472 Quum
611 4399 861 4462 Ilionam
894 4400 1167 4478 edormit,
1200 4398 1466 4462 Catienis
1496 4400 1654 4461 mille
1686 4398 1986 4475 ducenti8‚

380 4483 606 4560 Mater,
637 4494 696 4546 te
732 4485 1004 4567 appello!
1054 4485 1467 4548 clamantibus·
1557 4484 1722 4547 Huic
1754 4505 1867 4567 ego
1899 4482 2116 4564 vulgus

382 4568 589 4631 Errori
619 4569 866 4633 similem
899 4575 1180 4632 cunctum
1210 4571 1468 4632 insanire
1501 4569 1745 4632 docebo·

292 4711 304 4720 .
383 4654 616 4718 Insanit
647 4663 881 4717 veteres
912 4663 1142 4717 statuas
1173 4654 1577 4737 Damasippus
1608 4652 1900 4716 emend0.

381 4739 634 4821 Integer
662 4749 757 4802 est
786 4740 1000 4802 mentis
1031 4739 1378 4822 Damasippi
1410 4738 1725 4803 creditor?
1817 4737 1987 4801 Esto.
2392 4753 2458 4804 05

383 4823 617 4908 Accipe
650 4825 809 4907 quod
840 4846 1144 4908 nunquam
1179 4824 1399 4888 reddas
1427 4826 1571 4888 mihi
1602 4825 1652 4888 si
1681 4824 1787 4887 tibi
1816 4823 2036 4902 dicam,

385 4909 600 4976 Tune
585 4929 830 4974 insanus
857 4910 977 4972 eris
1005 4911 1055 4973 si
1084 4911 1413 4994 acceperis,
1443 4931 1519 4974 an
1549 4911 1739 4994 magis
1767 4929 1977 4972 excors
