2900 6042
192 1284 255 1353 Ibo
620 1299 805 1347 sarmarum

192 1457 357 1535 Aedificas,
371 1454 427 1519 hoc
443 1461 500 1535 est,
515 1452 619 1537 longos
633 1454 759 1518 imitaris
774 1454 812 1540 ab
826 1453 886 1517 imo
898 1490 901 1495 >

190 1543 244 1608 Ad
258 1564 406 1606 summum
421 1549 501 1604 totus
516 1540 628 1604 moduli
642 1540 799 1623 bipedalis,
815 1547 847 1603 et
862 1539 942 1603 idem

193 1628 324 1713 Corpore
340 1629 481 1712 majorem
497 1626 577 1690 rides
593 1626 740 1689 Turbonis
755 1627 786 1688 in
801 1627 891 1688 armis

193 1714 337 1800 Spiritum
353 1721 385 1776 et
399 1714 565 1776 incessum:
588 1712 639 1795 qui
655 1712 798 1775 ridiculus
812 1712 910 1774 minus
924 1709 997 1774 illo?

190 1802 243 1866 An
258 1799 459 1884 quodcunque
473 1799 546 1861 facit
561 1798 724 1861 Maecenas
740 1805 770 1860 te
786 1819 905 1882 quoque
921 1818 1027 1860 verum
1041 1803 1090 1862 est

191 1887 321 1951 Tantum
336 1885 507 1948 dissimilem
522 1892 553 1946 et
568 1892 651 1947 tanto
667 1892 785 1947 certare
802 1882 968 1948 minorem?

191 1972 337 2036 Absentis
352 1992 443 2033 ranae
459 1971 547 2054 pullis
562 1970 647 2031 vituli
662 1970 740 2053 pede
756 1971 877 2052 pressis,

192 2057 281 2122 Unus
296 2057 477 2138 ubieffugit,
493 2055 581 2118 matri
597 2055 750 2135 denarrat,
765 2063 800 2118 ut
815 2057 921 2138 ingens

192 2143 301 2207 Bellua
315 2150 457 2223 cognatos
472 2142 594 2204 eliserit.
640 2142 699 2204 Illa
713 2164 838 2224 rogare:

192 2226 377 2303 Quantaue?
400 2250 471 2289 num
487 2237 614 2306 tantum,
629 2227 751 2290 sufflans
766 2249 809 2307 se,
824 2247 934 2309 magna
948 2225 1079 2290 fuisset?

191 2314 292 2399 Major
307 2312 436 2376 dimidio.
483 2313 565 2375 Num
581 2312 689 2376 tanto?
735 2312 811 2376 Cum
827 2313 922 2395 magis
937 2321 1028 2396 atque

194 2398 235 2463 Se
250 2399 345 2481 magis
359 2399 486 2476 inflaret,
502 2399 574 2462 Non
589 2401 613 2462 si
630 2407 659 2461 te
674 2399 801 2482 ruperis,
815 2399 924 2482 inquit,

193 2484 256 2549 Par
271 2485 339 2548 eris.
385 2484 471 2547 Haec
487 2505 506 2547 a
521 2493 550 2547 te
566 2506 625 2548 non
641 2486 766 2547 multum
782 2484 897 2548 abludit
910 2484 1021 2566 imago.

191 2570 284 2635 Adde
299 2573 439 2654 poiimata
454 2592 545 2648 nuno,
560 2571 616 2634 hoc
632 2579 689 2648 est,
705 2571 803 2633 oleum
820 2569 897 2632 udde
914 2571 1051 2646 camiuo;

193 2655 279 2730 Quae
295 2657 320 2719 si
335 2657 402 2739 quis
416 2677 507 2718 sanus
522 2657 595 2719 fecit
610 2678 700 2719 sanus
715 2657 789 2719 facis
804 2665 836 2719 et
851 2663 894 2718 tu.

192 2742 264 2805 Non
280 2741 346 2805 dico
361 2741 540 2816 horrendam
556 2743 676 2805 rabiem.
720 2741 793 2804 Jam
808 2740 943 2804 desine.“
991 2739 1113 2805 Cultum

191 2826 340 2910 Majorem
356 2847 458 2889 censu.
505 2828 634 2906 Paneas,
649 2827 844 2912 Damasippo,
859 2827 919 2890 tuis
934 2835 976 2892 te.

192 2911 278 2975 Mille
293 2913 470 2995 puellarum,
486 2935 646 2996 puerorum
661 2915 741 2976 mille
757 2914 885 2977 furores,

195 2993 222 3061 0
237 2999 331 3082 major
346 2997 466 3061 tandem
482 3020 600 3082 parcas,
615 3001 732 3080 insane,
747 2997 868 3064 minori!

591 3245 834 3259 ι*

555 3432 762 3499 SATIRA
799 3431 870 3496 IV.

193 3615 214 3650 ‘⁴
226 3611 327 3677 Um
343 3618 375 3674 et
389 3631 448 3694 quo
464 3608 568 3672 Catius
581 3605 595 3670 i
606 3605 625 3636 '‘
671 3609 692 3642 “
706 3603 778 3667 Non
794 3615 841 3667 est
855 3602 927 3665 mihi
942 3610 1061 3688 tempus
1075 3604 1178 3667 aventi

192 3697 310 3761 Ponere
325 3697 412 3779 signa
425 3695 509 3757 novis
525 3691 706 3776 praeceptis,
722 3689 824 3773 qualia
840 3689 961 3754 vincant

193 3782 388 3867 Pythagoran
405 3781 561 3864 Anytique
577 3799 662 3840 reum
678 3777 859 3858 doctumque
876 3773 1039 3838 Platona.”

193 3869 386 3931 “Peccatum
401 3867 499 3929 fateor
514 3885 583 3927 cum
599 3872 628 3926 te
644 3863 686 3926 sic
702 3869 836 3945 tempore
851 3861 937 3923 laevo

193 3953 433 4037 Interpellarim3
457 3951 510 4014 sed
526 3950 579 4013 des
595 3949 711 4011 veniam
727 3948 821 4009 bonus
836 3967 898 4009 oro.
1077 3984 1113 4027 ·.
1220 3970 1249 4023 5·

194 4038 281 4112 Quod
296 4039 321 4102 si
336 4037 523 4100 interciderit
538 4035 590 4099 tibi
605 4054 684 4097 nunc
700 4031 813 4115 aliquid
829 4039 948 4115 repetes
962 4051 1042 4111 mox,

195 4123 265 4188 Sive
281 4132 327 4187 est
341 4131 467 4186 naturae
483 4123 538 4185 hoc
554 4121 616 4184 sive
632 4120 715 4197 artis,
731 4119 823 4180 mirus
839 4117 999 4201 utroquo.''

193 4209 305 4284 “Quin
320 4208 352 4271 id
368 4216 434 4272 erat
449 4229 539 4271 curae
555 4227 613 4289 quo
629 4213 717 4288 pacto
733 4211 843 4267 cuncta
859 4211 1004 4281 tenerem,

193 4294 310 4378 Utpote
326 4316 375 4357 res
391 4304 497 4356 tenues
512 4292 594 4355 tenui
610 4311 746 4354 sermone
762 4287 931 4372 peractas.”

193 4386 214 4420 “
227 4382 293 4444 Ede
308 4380 434 4443 hominis
449 4394 567 4455 nomen,
582 4377 668 4439 simul
685 4383 716 4438 ct
732 4376 883 4437 Romanus
898 4394 937 4436 an
951 4370 1095 4457 hospes.’'

194 4472 215 4504 “
228 4466 300 4551 Ipsa
314 4487 427 4528 memor
442 4471 605 4547 praecepta
620 4482 737 4539 canam,
753 4460 900 4523 celabitur
914 4464 1032 4522 auctor.
1056 4497 1061 4505 ·

194 4552 300 4636 Longa
314 4553 423 4635 quibus
438 4551 531 4613 facies
546 4549 608 4611 ovis
624 4548 682 4610 erit
696 4547 747 4608 illa
762 4551 922 4623 memento,

195 4637 242 4705 Ut
256 4640 338 4702 succi
353 4637 483 4700 melioris
499 4649 530 4696 et
545 4641 578 4695 ut
593 4633 688 4714 magis
704 4632 772 4693 alba
788 4628 933 4707 rotundis,

195 4723 333 4800 Ponere;
355 4743 485 4806 namque
501 4740 613 4782 merem
628 4718 768 4781 cohibent
783 4717 893 4778 callosa
908 4715 1053 4780 vitellum.

197 4807 291 4875 Caule
306 4809 476 4874 suburbano
491 4806 542 4891 qui
558 4805 645 4869 siccis
660 4804 756 4867 crevit
769 4802 800 4865 in
816 4801 897 4885 agris
1206 4819 1239 4870 ιι
