2900 6042
880 1503 1013 1550 Lm.
1059 1502 1166 1550 111.
1214 1504 1411 1551 cARM.
1464 1505 1611 1551 VIII.

566 1654 838 1741 Gygen?
925 1656 1038 1721 Ille
1069 1657 1248 1721 Notis
1278 1664 1448 1720 actus
1478 1657 1557 1720 ad
1589 1656 1837 1722 Oricum

561 1742 753 1806 Post
737 1763 948 1830 insana
981 1743 1214 1839 Caprae
1245 1743 1444 1806 sidera
1495 1743 1745 1827 frigidas
1880 1778 1888 1786 ·

647 1827 876 1891 Noctes
905 1822 1025 1891 non
1054 1829 1180 1891 sine
1213 1828 1413 1891 multis

708 1912 1028 1977 -Insomnis
1056 1914 1318 1977 lacrimis
1367 1914 1515 1997 agit.

560 1998 755 2081 Atqui
784 1999 1070 2062 sollicitae
1100 1999 1345 2064 nuntius
1373 2000 1667 2084 hospitae,

561 2080 879 2166 Suspirare
912 2084 1141 2148 Chloen
1193 2090 1259 2147 et
1285 2085 1564 2150 miseram
1593 2086 1713 2150 tuis

646 2168 872 2232 Dicens
901 2170 1137 2253 ignibus
1163 2170 1280 2249 uri,

732 2254 953 2318 Tentat
978 2257 1140 2319 mille
1171 2257 1341 2319 vafer
1366 2255 1579 2321 modis.

559 2337 654 2403 Ut
679 2339 965 2403 Proetum
993 2341 1209 2404 mulier
1236 2341 1468 2425 perfida
1499 2340 1816 2405 credulum
1873 2380 1878 2386 -

559 2423 752 2488 Falsis
779 2425 1083 2507 impulerit
1112 2426 1457 2490 criminibus
1485 2427 1660 2492 nimis

648 2509 830 2574 Casto
858 2509 1307 2594 Bellerophonti

500 2642 505 2646 -
731 2594 1044 2669 Maturare
1074 2616 1302 2670 necem,
1314 2595 1524 2660 refert.

559 2678 792 2744 Narrat
818 2700 1011 2762 paene
1041 2679 1248 2743 datum
1277 2681 1467 2745 Pelea
1494 2680 1770 2760 Tartaro,

557 2763 946 2914 Maffiiessam
972 2765 1348 2850 Hippolyten
1376 2766 1522 2830 dum
1548 2766 1709 2850 fugit
1735 2765 2040 2832 abstinens
2062 2785 2083 2846 3

757 2871 1011 2933 peccare
1042 2851 1326 2914 docentes

726 2933 940 3000 Fallax
966 2937 1243 3000 historias
1271 2941 1493 3001 movet.

558 3020 849 3085 Frustra.
895 3043 1036 3086 nam
1063 3023 1322 3121 scopulis
1348 3022 1585 3087 surdior
1610 3021 1775 3087 Icari

555 3105 757 3171 Voces
787 3107 956 3170 audit
984 3107 1180 3171 adhuc
1209 3107 1468 3191 integer.
1558 3107 1650 3173 At
1676 3107 1789 3172 tibi

640 3190 741 3256 Ne
770 3192 1001 3256 vicinus
1031 3193 1298 3277 Enipeus

727 3276 876 3341 Plus
897 3280 1064 3363 justo
1107 3280 1343 3363 placeat
1396 3298 1590 3356 cave3

558 3358 844 3436 Quamvis
870 3385 991 3427 non
1021 3364 1172 3428 alius
1198 3364 1442 3428 flectere
1474 3385 1696 3447 equum
1721 3362 1920 3430 sciens

619 3468 774 3512 eue
804 3450 1166 3533 conspicitur
1193 3449 1462 3531 gramine
1492 3449 1740 3532 Martio,

703 3554 776 3597 ec
806 3535 1120 3618 quisquam
1149 3535 1302 3598 citus
1332 3555 1525 3617 aeque

726 3618 922 3682 Tusco
952 3620 1200 3683 denatat
1229 3620 1419 3683 alveo.

554 3701 761 3766 Prima
786 3713 962 3767 nocte
994 3704 1234 3767 domum
1267 3703 1484 3767 claude
1533 3723 1730 3786 neque
1757 3701 1823 3766 in
1851 3701 1983 3768 vias

558 3786 686 3876 Sub
717 3796 897 3851 cantu
928 3789 1214 3871 querulae
1244 3788 1487 3886 despice
1517 3787 1723 3869 tibiae,

615 3870 731 3936 Et
757 3879 820 3935 te
850 3893 1031 3956 saepe
1061 3873 1298 3936 vocanti

722 3896 995 4022 Duramp
986 3957 1237 4021 difficilis
1267 3977 1467 4021 mane.

854 4382 1307 4451 GARMEN
1381 4384 1643 4452 VIII.

548 4723 840 4790 MARms
869 4725 1106 4790 caelebs
1135 4724 1279 4808 quid
1309 4744 1488 4808 agam
1514 4724 1836 4807 Kalendis,

551 4808 714 4885 Quid
741 4811 930 4875 velint
954 4810 1130 4874 flores
1159 4817 1224 4873 et
1251 4829 1463 4892 acerra
1494 4810 1686 4874 thuris

549 4895 744 4962 Plena
792 4896 1048 4976 miraris,
1077 4895 1421 4980 positusque
1453 4896 1634 4961 carbo
1682 4895 1748 4963 in

873 4980 1178 5131 6Gaespite
1207 4982 1371 5065 vivo,

2234 2106 2297 2156 1⁰

2232 2509 2314 2580 15'
