2900 6042
379 1448 463 1518 90
1243 1468 1593 1520 mmm

717 1626 883 1690 Hinc
915 1623 993 1688 ad
1024 1623 1164 1687 vina
1195 1624 1356 1689 redit
1384 1624 1583 1689 laetus
1636 1632 1702 1690 et
1737 1625 1944 1695 alteris

975 1710 1062 1773 Te
1090 1710 1310 1773 mensis
1340 1709 1587 1774 adhibet
1613 1711 1838 1790 deum;

716 1797 803 1860 Te
834 1796 1022 1858 multa
1049 1816 1252 1878 prece,
1283 1801 1344 1858 te
1375 1798 1761 1880 prosequitur
1783 1818 1951 1863 mero

716 1881 948 1946 Defuso
976 1881 1223 1963 pateris,
1255 1887 1319 1943 et
1348 1880 1605 1945 Laribus
1636 1889 1808 1945 tuum

713 1966 938 2030 Miscet
964 1986 1207 2043 numen,
1237 1966 1325 2027 uti
1358 1965 1620 2029 Graecia
1650 1967 1916 2032 Castoris
2391 1990 2457 2042 ω

972 2051 1054 2112 Et
1082 2051 1285 2132 magni
1312 2071 1541 2114 memor
1570 2051 1878 2115 Herculis.

712 2136 953 2217 Longas
982 2156 1017 2198 o
1047 2135 1298 2213 utinam,
1326 2135 1453 2197 dux
1478 2136 1658 2215 bone,
1685 2137 1871 2201 ferias

717 2221 999 2284 Praestes
1027 2218 1363 2302 Hesperiae
1389 2218 1404 2284 i
1453 2220 1709 2285 dicimus
1739 2222 1977 2306 integro

710 2304 872 2370 Sicci
898 2324 1074 2367 mane
1107 2304 1228 2384 die,
1256 2304 1508 2368 dicimus
1535 2306 1703 2369 uvidi

966 2388 1123 2456 Cum
1165 2387 1271 2454 Sol
1304 2387 1553 2457 Oceano
1582 2391 1810 2457 subest.
2386 2412 2456 2464 <o

1066 2810 1528 2888 GARMEN
1585 2810 1743 2882 VI.

706 3152 907 3231 Dm,
935 3172 1114 3236 quem
1142 3152 1338 3236 proles
1369 3151 1608 3216 Niobea
1632 3173 1889 3237 magnae

709 3236 1032 3301 'Vindicem
1059 3238 1300 3320 linguae
1330 3237 1657 3321 Tityosque
1687 3245 1892 3323 raptor

713 3321 916 3386 Sensit
967 3329 1031 3385 et
1058 3322 1272 3405 Trojae
1301 3344 1487 3406 prope
1518 3325 1709 3386 victor
1735 3325 1898 3388 altae

1046 3406 1302 3470 Phthius
1329 3408 1625 3486 Achilles,

710 3488 943 3554 Ceteris
969 3493 1179 3573 major,
1210 3492 1317 3555 tibi
1345 3493 1515 3556 miles
1544 3493 1735 3575 impar
2404 3513 2447 3566 5

703 3574 894 3639 Filius
925 3579 1199 3661 quamvis
1229 3577 1504 3643 Thetidis
1531 3576 1804 3642 marinae
2197 3598 2207 3605 ·

705 3659 1025 3726 Dardanas
1055 3669 1252 3726 turres
1282 3670 1562 3747 quateret
1589 3661 1913 3728 tremenda·

1048 3746 1311 3832 Cuspide
1341 3769 1605 3832 pugnax.

703 3828 842 3910 Ille,
870 3832 1134 3904 mordaci
1163 3835 1331 3897 velut
1356 3835 1480 3898 icta
1508 3834 1670 3897 ferro
2285 3890 2294 3897 .

704 3913 895 3980 Pinus
949 3924 1056 3980 aut
1082 3919 1335 4002 impulsa
1363 3940 1682 4003 cupressus
1712 3917 1903 3998 Eure,
2377 3938 2443 3990 10

704 3998 976 4064 Procidit
1001 4003 1123 4064 late
1154 4005 1469 4149 posuitque
1501 4005 1718 4067 collum
1744 4003 1810 4066 in
2267 4017 2275 4024 '

1049 4085 1310 4149 Pulvere
1393 4109 1595 4151 eucro.

706 4164 823 4230 Ille
847 4187 966 4228 non
992 4167 1256 4231 inclusus
1285 4191 1441 4250 equo
1469 4171 1785 4236 Minervae

711 4250 902 4315 Sacra
930 4251 1178 4313 mentito
1207 4254 1360 4314 male
1390 4253 1637 4317 feriatos

706 4336 895 4401 Troas
925 4339 990 4398 et
1015 4336 1238 4399 laetam
1267 4338 1491 4400 Priami
1515 4338 1747 4404 choreis
2378 4361 2439 4414 ιε

1046 4420 1314 4486 Falleret
1342 4425 1542 4487 aulam
1570 4443 1588 4500 ;

709 4504 834 4571 Sed
863 4505 1060 4589 palam
1076 4509 1278 4594 'captis
1309 4511 1533 4594 gravis,
1562 4511 1683 4574 heu
1709 4509 1880 4576 nefas
1901 4509 2050 4591 heu,

706 4590 963 4656 Nescios
992 4593 1106 4656 fari
1136 4617 1353 4678 pueros
1381 4596 1632 4660 Achivis

708 4675 932 4740 Ureret
957 4679 1228 4757 flammi8‚
1258 4682 1439 4745 etiam
1470 4683 1756 4746 latentem

1047 4764 1266 4828 Matris
1295 4767 1356 4829 in
1385 4769 1547 4848 alvo,
2376 4783 2444 4835 20

706 4841 772 4907 N
771 4845 792 4908 i
822 4846 939 4910 tuis
967 4849 1160 4914 victus
1188 4849 1569 4934 Venerisque
1601 4856 1811 4933 gratae

709 4926 978 4998 Vocibus
1007 4934 1208 5000 divom
1237 4941 1412 5019 pater
1440 4936 1752 5000 annuisset
