2900 6042
882 1429 1012 1474 m.
1059 1427 1164 1475 111.
1210 1427 1407 1474 cum.
1457 1427 1626 1477 xvn.
2210 1416 2295 1483 69

646 1580 1043 1666 contemptae
1072 1577 1347 1645 dominus
1377 1579 1750 1666 splendidior
1777 1582 1891 1662 rei,
2230 1605 2296 1656 25

645 1667 842 1742 Quam
870 1669 922 1731 si
974 1668 1266 1752 quidquid
1296 1681 1430 1732 arat
1460 1669 1715 1753 impiger
1741 1669 1983 1756 Apulus

647 1752 972 1818 Occultare
1002 1755 1148 1818 meis
1180 1754 1416 1817 dicerer
1441 1754 1696 1836 horreiS,

728 1839 989 1922 Magnas
1017 1841 1175 1903 inter
1203 1860 1346 1923 opes
1374 1839 1565 1924 inops.

648 1922 848 1988 Purae
878 1925 1042 1989 rivus
1071 1945 1264 2009 aquae
1317 1925 1587 2009 silvaque
1606 1927 1893 2010 jugerum

645 2009 986 2074 Paucorum
1036 2018 1099 2074 et
1126 2011 1349 2093 segetis
1379 2017 1549 2074 certa
1575 2012 1726 2075 fides
1756 2032 1927 2077 meae
2232 2034 2296 2085 ao

645 2094 1006 2178 Fulgentem
1035 2097 1283 2180 imperio
1310 2097 1525 2160 fertilis
1555 2097 1807 2162 Africae

730 2181 913 2245 Fallit
941 2189 1100 2246 sorte
1132 2182 1381 2245 beatior.

645 2264 1024 2351 Quamquam
1051 2288 1165 2331 nec
1197 2266 1489 2330 Calabrae
1520 2268 1700 2353 mella
1726 2268 1932 2330 ferunt
1959 2287 2104 2354 apes

644 2351 782 2416 Nec
813 2352 1251 2437 Laestrygonia
1279 2352 1559 2416 Bacchus
1589 2353 1652 2415 in
1682 2353 1968 2436 amphora

645 2437 1015 2521 Languescit
1042 2438 1186 2500 mihi
1238 2459 1349 2501 nec
1381 2438 1627 2520 pinguia
1657 2437 1904 2502 Gallicis
2233 2457 2298 2509 35

734 2522 1034 2588 Crescunt
1059 2524 1287 2586 vellera
1313 2523 1573 2606 pascuis,

645 2606 1002 2691 Importuna
1029 2614 1232 2672 tamen
1260 2608 1577 2692 pauperies
1607 2609 1803 2686 abest,

643 2691 782 2757 Neo
834 2693 886 2758 si
914 2695 1089 2778 plura
1115 2694 1294 2757 velim
1347 2699 1415 2755 tu
1445 2692 1591 2756 dare
1622 2692 1908 2778 deneges.
2020 2737 2029 2748 -

647 2778 972 2844 Contracto
1000 2779 1213 2842 melius
1240 2799 1428 2862 parva
1458 2778 1737 2863 cupidine

732 2863 1077 2948 Vectigalia
1104 2865 1428 2948 porrigam,
2232 2887 2299 2940 ⁴0

648 2947 843 3023 Quam
871 2950 923 3015 si
951 2949 1298 3035 Mygdoniis
1329 2970 1585 3032 regnum
1612 2948 1890 3035 Alyattei

648 3032 890 3120 Campis
920 3037 1280 3100 continuem.
1371 3035 1573 3099 Multa
1599 3036 1941 3119 petentibus

550 3196 554 3200 ,
644 3120 884 3186 Desunt
910 3123 1137 3186 multa:
1185 3122 1338 3186 bene
1369 3127 1465 3185 est
1514 3121 1615 3184 cui
1663 3119 1815 3188 deus
1840 3121 2058 3187 obtulit

732 3206 933 3274 Parca
983 3208 1142 3294 quod
1174 3207 1320 3272 satis
1349 3214 1443 3272 est
1493 3226 1697 3271 manu.

857 3633 1313 3702 GARMEN
1368 3632 1659 3701 XVII.

645 3976 820 4041 Am
871 3982 1108 4041 vetusto
1135 3976 1346 4041 nobilis
1367 3977 1444 4042 ab
1474 3975 1683 4058 Lamo,
1867 4000 1872 4003 ·

635 4060 926 4149 (Quando
942 4070 1006 4125 et
1020 4062 1246 4146 priores
1275 4063 1413 4127 hinc
1444 4061 1686 4128 Lamias
1714 4063 1920 4129 ferunt

730 4148 1156 4212 Denominatos
1210 4155 1274 4211 et
1300 4155 1586 4234 nepotum
1707 4157 1712 4162 '

820 4233 944 4297 Per
969 4255 1262 4298 memores
1291 4256 1482 4318 genus
1515 4255 1690 4298 omne
1717 4234 1925 4320 fastos,

645 4317 915 4383 Auctore
945 4320 1020 4382 ab
1049 4320 1150 4384 illo
1183 4319 1350 4383 ducit
1382 4321 1672 4403 originem
2268 4338 2302 4388 5

652 4403 769 4479 Qui
798 4405 1171 4468 Formiarum
1200 4406 1433 4468 moenia
1463 4405 1686 4468 dicitur

730 4490 1022 4571 Princeps
1053 4496 1115 4552 et
1141 4491 1449 4553 innantem
1480 4489 1751 4553 Maricae

818 4574 1119 4637 Litoribus
1148 4576 1410 4638 tenuisse
1440 4574 1628 4638 Lirim

651 4657 805 4723 Late
833 4661 1165 4744 tyrannus)
1201 4681 1337 4725 cras
1366 4660 1523 4724 foliis
1551 4679 1768 4725 nemus

650 4743 864 4810 Multis
890 4753 958 4824 et
986 4746 1125 4828 alga
1150 4745 1294 4810 litus
1327 4745 1524 4809 inutili
2238 4766 2302 4818 ιο

738 4829 1017 4895 Demissa
1047 4838 1368 4915 tempestas
1398 4832 1474 4894 ab
1505 4831 1672 4894 Euro
2296 4837 2300 4842 '

829 4915 1096 4997 Sternet,
1127 4938 1319 5002 aquae
1349 4918 1464 4982 nisi
1491 4917 1648 4983 fallit
1672 4938 1871 5002 augur
