2900 6042
1011 1402 1138 1450 ΗΖΒ.
1185 1402 1279 1449 1v.
1326 1402 1525 1450 cARu.
1572 1402 1667 1449 1x.

644 1557 794 1622 Post
818 1562 1071 1620 mortem
1100 1555 1375 1634 ducibus,
1390 1576 1521 1627 non
1551 1555 1780 1619 celeres
1808 1554 1992 1638 fugae

641 1641 1053 1740 Rejectaeque
1081 1647 1407 1704 retrorsum
1434 1638 1793 1705 Hannibalis
1819 1641 2041 1721 minae,

639 1726 784 1792 Non
810 1725 1088 1790 incendia
1102 1723 1498 1808 Karthaginis
1527 1725 1767 1808 impiae,

645 1811 797 1897 Ejus
848 1811 953 1895 qui
982 1810 1204 1874 domita
1231 1831 1448 1874 nomen
1477 1811 1553 1874 ab
1581 1810 1797 1875 Africa

641 1895 940 1961 Lucratus
967 1895 1147 1959 rediit
1197 1896 1414 1959 clarius
1442 1895 1712 1959 indicant

640 1980 904 2059 Laudes,
929 2001 1107 2064 quam
1138 1978 1432 2044 Calabrae
1463 1979 1737 2044 Pierides
1764 2002 1780 2044 ε
1826 1999 2027 2065 neque

641 2064 719 2131 -Si
745 2066 989 2130 chartae
1018 2066 1235 2129 sileant
1284 2065 1446 2150 quod
1474 2065 1629 2129 bene
1658 2066 1876 2130 feceris

643 2149 995 2214 Mercedem
1024 2151 1252 2214 tuleris.
1341 2149 1502 2224 Quid
1530 2150 1691 2214 foret
1716 2149 1868 2215 Iliae

644 2234 1058 2319 Mavortisque
1087 2257 1240 2318 puer
1291 2235 1343 2298 si
1371 2235 1749 2299 taciturnitas

647 2317 933 2384 Obstaret
960 2320 1187 2383 meritis
1215 2320 1418 2383 invida
1445 2319 1728 2383 Romuli?
1861 2328 1870 2335 '

645 2403 939 2489 Ereptum
970 2403 1200 2487 Stygiis
1225 2405 1505 2468 fluctibus
1536 2405 1809 2468 Aeacum

643 2488 860 2553 'Virtus
889 2496 953 2552 et
978 2489 1150 2551 favor
1178 2496 1242 2552 et
1267 2488 1475 2571 lingua
1501 2490 1832 2573 potentium

644 2572 878 2638 Vatum
907 2573 1188 2647 divitibus
1218 2581 1533 2636 consecrat
1559 2573 1785 2638 insulis.

643 2656 914 2742 Dignum
941 2658 1121 2721 laude
1150 2658 1347 2721 virum
1369 2657 1553 2722 Musa
1582 2665 1752 2723 vetat
1775 2657 1964 2726 moriz

646 2741 832 2808 Caelo
861 2743 1044 2807 Musa
1070 2743 1232 2806 beat.
1325 2739 1429 2806 Sic
1456 2741 1503 2807 J
1504 2744 1629 2806 ovis
1657 2744 1913 2810 interest

550 2877 555 2881 -
643 2825 886 2913 Optatis
915 2849 949 2892 e
991 2828 1104 2891 ulis
1132 2827 1387 2912 impiger
1415 2827 1742 2907 Hercules,

646 2912 892 2978 Clarum
1055 2912 1302 2976 dai-idae
1331 2912 1497 2977 sidus
1526 2913 1603 2977 ab
1629 2914 1847 2980 infimis

640 2996 904 3072 Quassas
933 2997 1195 3082 eripiunt
1222 2998 1582 3084 aequoribus
1610 3005 1797 3086 rates,

645 3080 912 3147 Ornatus
940 3082 1116 3146 viridi
1143 3088 1414 3167 tempora
1441 3084 1720 3168 pampino

639 3165 824 3234 Liber
850 3175 992 3234 vota
1017 3169 1200 3233 bonos
1229 3168 1397 3232 ducit
1417 3168 1499 3234 ad
1527 3170 1744 3234 exitus.

1000 3592 1459 3661 GARMEN
1514 3593 1677 3662 IX.

640 3929 749 3996 NE
780 3931 938 3996 forte
968 3932 1182 3998 credas
1208 3933 1528 3999 interitura
1577 3954 1734 4019 quae

640 4014 850 4100 Longe
881 4026 1191 4084 sonantem
1216 4027 1397 4085 natus
1424 4020 1506 4086 ad
1530 4019 1825 4085 Aufidum

729 4100 794 4167 N
796 4123 873 4165 on
903 4112 1044 4168 ante
1074 4106 1352 4188 vulgatas
1380 4127 1492 4189 per
1519 4112 1683 4170 artes

793 4187 1022 4253 ’Verba
1047 4191 1259 4274 loquor
1286 4191 1571 4255 socianda
1601 4190 1875 4258 chordis:

641 4268 785 4336 Non
836 4274 888 4337 si
956 4276 1142 4340 riores
1171 4276 1488 4341 Maeonius
1518 4283 1686 4341 tenet

642 4354 835 4422 Sedes
932 4382 1167 4425 omerus
1219 4362 1579 4425 Pindaricae
1608 4363 1803 4426 latent

731 4439 1012 4529 Ceaeque
1043 4453 1106 4509 et
1133 4447 1349 4510 Alcaei
1377 4447 1640 4510 minaces

818 4526 1264 4614 Stesichorique
1295 4551 1512 4612 graves
1543 4530 1891 4609 Camenae3

641 4610 781 4677 Nec
833 4614 885 4676 si
913 4615 1059 4698 quid
1088 4617 1226 4679 olim
1254 4616 1400 4679 lusit
1427 4616 1756 4681 Anacreon
1795 4608 1812 4622 ⁹

643 4697 890 4764 Delevit
917 4706 1124 4778 aetas3
1169 4701 1360 4785 spirat
1387 4701 1583 4764 adhuc
1614 4721 1781 4767 amor

731 4784 1088 4868 Vivuntque
1119 4786 1414 4850 commissi
1442 4786 1672 4850 calores

815 4869 1066 4936 Aeoliae
1095 4871 1313 4935 fidibus
1340 4871 1600 4956 puellae.

2322 4719 2385 4772 10
