2900 6042
259 1285 319 1352 1³6
683 1300 869 1347 sacramen

258 1456 375 1535 Saevit,
391 1456 471 1539 quod
486 1455 645 1520 meretrice
660 1475 753 1537 nepos
767 1454 890 1517 insanus
907 1452 1004 1516 amica

257 1542 350 1605 Filius
365 1561 488 1604 uxorem
504 1541 611 1624 grandi
627 1561 695 1603 curn
710 1540 780 1602 dote
796 1548 926 1616 recuset,
1266 1554 1301 1609 ω

257 1628 366 1689 Ebrius
382 1633 424 1702 et,
441 1647 583 1706 maguum
600 1626 680 1709 quod
696 1624 841 1700 dedecus,
857 1621 992 1684 ambulet
1006 1628 1078 1684 suta

256 1712 386 1774 Noctem
401 1731 468 1773 cum
483 1711 607 1773 facibus.
654 1709 809 1792 Numquid
822 1709 1001 1791 Pomponius
1015 1708 1080 1772 istis

256 1797 388 1859 Audiret
402 1797 525 1872 leviora,
541 1805 627 1878 pater
643 1795 668 1857 si
685 1794 823 1856 viveret?
870 1793 952 1876 Ergo

256 1882 327 1946 Nou
342 1882 414 1944 satis
430 1890 476 1943 est
491 1882 572 1963 puris
588 1902 706 1942 versum
725 1879 910 1962 perscribere
929 1878 1039 1957 verbis,

256 1965 352 2039 Quem
368 1968 392 2028 si
409 1967 562 2042 dissolvas,
578 1966 675 2047 quivis
690 1965 893 2026 stomachetur
907 1964 1012 2026 eodem
1265 1981 1299 2030 55

255 2051 322 2122 Quo
338 2060 513 2133 personatus
529 2061 616 2132 pacto
631 2058 728 2132 pater.
774 2049 832 2111 His
859 2069 916 2131 ego
930 2069 1008 2132 quse
1022 2068 1115 2128 nunc,

156 2198 160 2202 r
256 2134 335 2197 Olim
351 2156 428 2217 quae
444 2137 563 2218 scripsit
578 2134 721 2211 Lucilius,
737 2135 845 2216 eripias
860 2135 886 2197 si

255 2219 402 2302 Tempora
417 2228 500 2282 certa
514 2219 686 2301 modosque,
702 2227 734 2281 et
748 2218 829 2301 quod
844 2219 925 2301 prius
939 2217 1043 2281 ordine
1057 2217 1184 2281 verbum
1196 2223 1246 2282 est

255 2303 411 2367 Posterius
426 2305 530 2382 facias,
548 2325 734 2387 praeponens
749 2305 853 2366 ultima
869 2303 981 2386 primis,

253 2388 325 2451 Non
351 2397 385 2451 ut
399 2390 425 2451 si
438 2391 534 2452 solvas
550 2394 570 2424 ‘⁴
583 2389 746 2471 Postquam
762 2388 920 2451 Discordia
935 2395 1015 2451 tetra
1261 2408 1295 2460 ω

253 2474 332 2537 Belli
347 2475 473 2537 ferratos
489 2481 588 2557 postes
603 2483 764 2557 portasque
779 2474 906 2554 refregit
918 2471 938 2502 ’⁹

253 2559 394 2632 Invenias
410 2560 500 2622 etiarn
515 2559 632 2642 disjecti
647 2560 782 2621 membra
797 2563 916 2642 poetae.
1026 2602 1029 2607 -

252 2643 410 2707 Hactenus
426 2645 518 2706 haec:
540 2645 612 2707 alias
622 2645 738 2727 justum
753 2645 792 2707 sit
806 2665 901 2707 necne
916 2642 1034 2726 poema,

252 2728 343 2792 Nunc
358 2729 431 2791 illud
448 2737 564 2791 tantum
579 2750 733 2811 quaeram,
749 2730 892 2791 meritone
909 2728 963 2790 tibi
977 2729 1017 2791 sit

254 2813 433 2896 Suspectum
448 2836 543 2896 genus
560 2815 615 2875 hoc
631 2814 790 2876 scribendi.
838 2813 956 2876 Sulcius
972 2833 1043 2875 acer

252 2897 397 2961 Ambulat
412 2907 443 2961 et
458 2898 585 2982 Caprius
613 2899 696 2960 rauci
711 2899 788 2961 male
817 2919 944 2980 cumque
958 2897 1076 2976 libellis,

252 2982 382 3065 Magnus
398 2993 525 3066 uterque
543 2985 628 3045 timor
643 2984 826 3058 latronibus;
849 2990 881 3046 at
895 2984 970 3044 bone
986 2982 1093 3065 siquis

252 3067 294 3130 Et
310 3069 391 3131 vivat
406 3070 486 3152 puris
502 3070 636 3131 manibus
663 3075 835 3131 contemnat
848 3076 1019 3150 utrumque.

251 3152 300 3217 Ut
316 3154 355 3216 sis
372 3162 405 3216 tu
419 3155 519 3216 similis
537 3153 620 3216 Caeli
636 3154 777 3236 Birrique
793 3154 954 3232 latronum,

252 3237 322 3301 Non
338 3260 394 3321 ego
409 3261 474 3302 sum
492 3239 582 3321 Capri
597 3260 694 3321 neque
712 3239 812 3302 Sulci:
836 3259 891 3301 cur
905 3244 1021 3300 metuas
1038 3234 1113 3299 mel

252 3324 346 3386 Nulla
357 3326 481 3386 taberne
497 3346 578 3386 meos
593 3325 703 3386 lrabeat
717 3345 815 3406 neque
831 3324 891 3406 pila
905 3323 1030 3400 libellos,

251 3408 325 3479 Quis
340 3430 445 3471 manus
460 3409 578 3471 insudet
593 3409 676 3491 volgi
692 3409 951 3490 Hermogenisque
966 3406 1075 3490 Tigelli
1084 3427 1095 3484 ;

251 3492 319 3556 Nec
336 3495 429 3556 recito
446 3495 585 3576 cuiquam
600 3495 655 3556 nisi
671 3494 784 3572 amicis,
800 3495 890 3576 idque
907 3499 1039 3570 coactus,

250 3579 321 3642 Non
336 3580 431 3642 ubivis
447 3601 583 3641 coramve
599 3579 789 3661 quibuslibet.
834 3578 873 3640 Iu
889 3577 987 3640 medio
1003 3576 1055 3660 qui

252 3663 373 3748 Scripta
388 3666 450 3727 foro
464 3665 593 3726 recitent
619 3671 689 3726 sunt
703 3664 789 3726 multi
815 3663 926 3746 quique
940 3663 1097 3725 lavantes:

253 3748 352 3812 Suave
368 3751 450 3812 locus
466 3751 530 3811 voci
547 3757 666 3811 resonat
680 3750 846 3811 conclusus.
892 3747 1002 3810 Inanes

251 3833 320 3897 Hoc
331 3836 430 3918 juvat,
445 3834 526 3896 haud
541 3834 613 3895 illud
629 3842 820 3915 quaerentes,
835 3833 986 3895 num'sine
1001 3850 1102 3910 sensu,

251 3919 397 4001 Tempore
412 3941 483 3980 num
498 3919 610 3980 faciant
625 3919 731 3980 alieno.
749 3926 766 3956 “
777 3918 912 3980 Laedere
928 3913 1081 4000 gaudes,’'

251 4003 364 4086 Inquit,
373 4010 427 4065 “et
439 4004 494 4064 hoc
507 4004 607 4064 studio
619 4003 842 4085 pravusfacis.''
863 4003 953 4066 Unda
968 4002 1095 4085 petitum

250 4087 318 4150 Hoc
334 4090 425 4165 in‚me
437 4087 535 4171 jacis?
580 4088 636 4150 Est
651 4096 756 4150 auctor
770 4088 837 4170 quis
853 4087 981 4170 donique
997 4105 1101 4149 eorum

250 4172 322 4234 Vixi
337 4195 405 4235 cum
420 4172 550 4255 quibus?
595 4175 762 4235 Absentem
779 4173 831 4255 qui
847 4172 925 4234 rodit
939 4172 1086 4255 amicum;

250 4256 309 4330 Qui
326 4279 385 4320 non
401 4258 535 4320 defendit
550 4259 606 4320 alio
622 4259 775 4341 culpante;
789 4258 899 4319 solutos

250 4341 308 4415 Qui
324 4349 427 4424 captat
442 4364 517 4404 risus
534 4344 683 4405 hominum
698 4344 866 4424 famamque
882 4340 1014 4416 dicacis;

250 4425 379 4509 Fingere
395 4428 520 4509 quinon
537 4429 599 4490 visa
614 4436 727 4511 potest;
738 4428 893 4490 commissa
908 4435 1009 4489 tacere

251 4510 309 4583 Qui
325 4514 447 4594 nequit3
470 4514 516 4575 hic
533 4514 618 4595 niger
634 4524 689 4590 est,
705 4515 784 4575 hunc
801 4521 845 4589 tu,
861 4513 1007 4591 Romane,
1023 4517 1138 4573 caveto.
1256 4529 1290 4578 aa

251 4594 348 4679 Saepe
366 4598 459 4660 tribus
474 4599 559 4660 lectis
576 4599 676 4660 videas
692 4619 818 4661 coenare
834 4606 1007 4680 quaternos,

248 4681 276 4744 Ε
292 4683 399 4765 quibus
413 4705 489 4744 unus
505 4690 585 4745 amet
600 4685 704 4766 quavis
720 4684 901 4766 adspergere
918 4692 1042 4745 cunctos

248 4766 377 4831 Praeter
390 4788 458 4829 eum
485 4769 537 4851 qui
552 4770 676 4852 praebet
691 4788 819 4852 aqnam;
841 4775 909 4851 post
922 4770 1002 4831 hunc
1018 4783 1136 4851 quoque
1152 4769 1254 4848 potus,
