2900 6042
959 1404 1090 1450 un.
1138 1402 1232 1449 η’.
1280 1403 1479 1450 esau.
1524 1404 1676 1451 xm.
2049 1418 2056 1424 ·
2281 1388 2363 1456 97

625 1555 696 1622 Si
723 1556 931 1641 gestis,
952 1556 1242 1640 juvenum
1271 1557 1554 1621 nobilium
1582 1558 1791 1640 cliens,
2300 1579 2364 1629 ιε

877 1640 1089 1706 Nardo
1118 1643 1259 1707 vina
1283 1642 1615 1707 merebere.

624 1724 822 1791 Nardi
852 1747 1070 1812 parvus
1101 1749 1260 1811 onyx
1289 1728 1489 1792 eliciet
1522 1729 1742 1794 cadum

622 1809 744 1890 Qui
771 1834 931 1876 nunc
964 1811 1241 1897 Sulpiciis
1271 1815 1527 1879 accubat
1556 1815 1813 1898 horreis,

627 1895 783 1982 Spes
813 1897 1036 1962 donare
1068 1920 1252 1963 novas
1279 1901 1486 1983 largus
1539 1920 1861 1986 amaraque

888 1982 1182 2047 Curamm
1212 1986 1414 2049 eluere
1445 1987 1676 2050 efficax.
2293 2007 2359 2060 m

624 2066 730 2131 Ad
760 2089 914 2153 quae
945 2068 995 2134 si
1021 2091 1308 2155 properas
1337 2071 1584 2154 gaudia,
1614 2091 1752 2134 cum
1780 2077 1891 2136 tua

625 2150 824 2217 Velox
850 2175 1051 2218 merce
1081 2156 1256 2218 veni:
1303 2177 1425 2219 non
1454 2177 1568 2240 ego
1597 2163 1658 2221 te
1686 2156 1836 2222 meis

630 2235 967 2302 Immunem
995 2241 1249 2304 meditor
1278 2242 1511 2324 tingere
1539 2243 1791 2326 poculis,

876 2323 1070 2389 Plena
1097 2325 1266 2389 dives
1293 2328 1454 2389 utin
1486 2327 1681 2391 domo.

621 2406 856 2473 Verum
886 2430 1038 2494 pone
1066 2431 1262 2474 moras
1292 2417 1356 2473 et
1383 2412 1646 2475 studium
1671 2411 1850 2491 lucri,
2288 2435 2355 2486 25

621 2492 1069 2577 Nigrorumque
1101 2516 1348 2573 memor,
1379 2496 1521 2559 dum
1548 2497 1713 2577 licet,
1741 2497 1971 2582 ignium

618 2576 815 2644 Misce
844 2580 1158 2644 stultitiam
1185 2580 1442 2644 consiliis
1470 2582 1750 2646 brevem:

874 2663 1071 2730 Dulce
1102 2671 1196 2729 est
1223 2666 1497 2752 desipere
1526 2667 1590 2731 in
1616 2667 1768 2733 loco.

913 3091 1374 3159 GARMEN
1430 3040 1705 3164 x111‘ss

615 3436 992 3515 Aumvlmn,
1021 3433 1213 3520 Lyce,
1244 3434 1307 3498 di
1333 3454 1473 3500 mea
1499 3442 1662 3517 vota,
1690 3436 1754 3502 di

608 3521 950 3601 Audivere,
979 3518 1186 3603 Lyce:
1230 3523 1306 3584 fis
1336 3541 1511 3602 anus,
1542 3529 1607 3586 et
1634 3529 1838 3590 tamen

699 3608 815 3674 Vis
842 3606 1100 3670 formosa
1126 3605 1317 3668 videri

785 3691 1093 3773 Ludisque
1123 3696 1188 3753 et
1214 3691 1366 3753 bibis
1393 3688 1713 3774 impudens

614 3776 702 3841 Et
730 3785 914 3842 cantu
941 3776 1196 3838 tremulo
1224 3782 1367 3859 pota
1397 3775 1755 3858 Cupidinem
2311 3799 2351 3850 ⁸

612 3861 872 3926 Lentum
902 3859 1205 3924 sollicitas.
1295 3860 1409 3922 Ille
1439 3860 1689 3924 virentis
1718 3867 1783 3926 et
1936 3899 1944 3906 ·

696 3946 930 4011 Doctae
959 3945 1215 4028 psallere
1247 3943 1434 4009 Chiae

783 4029 1060 4094 Pulchris
1089 4032 1349 4095 excubat
1369 4031 1436 4106 jn
1467 4030 1660 4114 genis.

609 4116 999 4201 Importunas
1029 4115 1188 4179 enim
1215 4117 1546 4180 transvolat
1573 4115 1774 4181 aridas

616 4201 910 4282 QuercuS,
940 4206 1005 4265 et
1031 4201 1257 4285 refugit
1287 4209 1346 4265 te
1401 4202 1544 4285 quia
1571 4202 1754 4274 luridi
2285 4224 2349 4275 lo

697 4286 952 4366 Dentes,
984 4293 1045 4351 te
1076 4289 1219 4371 quia
1246 4307 1436 4371 rugae

781 4373 1058 4458 Turpant
1085 4379 1149 4435 et
1176 4373 1386 4456 capitis
1413 4372 1605 4447 nives.

587 4457 746 4524 ·Nec
778 4458 939 4523 Coae
969 4457 1240 4520 referunt
1257 4459 1385 4541 jam
1415 4457 1525 4520 tibi
1553 4474 1861 4542 purpurae

609 4542 747 4609 Nec
778 4544 927 4609 clari
953 4540 1182 4624 lapides
1211 4547 1505 4627 tempora,
1534 4562 1691 4627 quae
1722 4540 1909 4607 semel

693 4628 874 4694 Notis
904 4627 1144 4693 condita
1171 4626 1341 4690 fastis
2282 4647 2347 4711 15

785 4714 1042 4780 Inclusit
1070 4712 1326 4776 volucris
1355 4711 1507 4785 diem

617 4797 753 4875 Quo
779 4799 939 4886 fugit
967 4818 1182 4878 venus,
1211 4797 1355 4875 heu,
1383 4814 1582 4882 quove
1612 4789 1829 4867 color?
1859 4790 2089 4861 decons

621 4882 757 4959 Quo
782 4893 980 4950 motus
1003 4883 1221 5032 '29quid
1250 4883 1435 4959 habes
1463 4883 1645 4963 illius,
1671 4881 1856 4965 illius,
