2900 6042
226 1276 291 1345 150
651 1294 837 1345 summurn

225 1450 301 1516 Post
314 1449 443 1516 mediam
458 1456 577 1514 noctem
592 1448 673 1513 visus
689 1473 760 1514 cum
775 1449 889 1514 somnia
904 1470 997 1516 vera:

225 1542 246 1576 “
259 1537 296 1602 Iu
312 1539 418 1602 silvam
432 1559 492 1600 non
507 1538 591 1620 ligna
605 1537 685 1600 feras
700 1538 833 1600 insanius
849 1557 884 1599 ac
900 1537 926 1599 si

225 1622 356 1708 Magnas
373 1623 558 1688 Graecorum
574 1624 658 1686 malis
674 1623 797 1707 implere
812 1621 986 1686 catervas.”

225 1710 378 1794 'I'urgidus
395 1709 524 1794 Alpinus
535 1709 657 1794 jugulat
672 1709 742 1772 dum
759 1708 933 1787 Memnona,
950 1708 1083 1795 dumque

225 1795 362 1880 Delingit
377 1797 477 1860 Rheni
491 1797 606 1858 luteum
622 1803 724 1879 caput,
740 1796 815 1858 haee
830 1816 886 1878 ego
901 1795 983 1875 ludo,

225 1881 311 1956 Quae
327 1904 425 1966 neque
440 1884 471 1945 in
486 1884 561 1945 aede
577 1890 685 1945 sonent
700 1882 850 1945 certantia
859 1882 964 1965 judice
980 1882 1092 1967 Tarpa,

225 1968 293 2033 Nec
310 1969 438 2032 redeant
451 1969 560 2031 iterum
576 1978 667 2050 atque
683 1968 793 2031 iterum
809 1968 976 2049 spectanda
991 1970 1128 2035 theatris.

225 2054 348 2138 Arguta
361 2056 521 2118 meretrice
537 2063 622 2137 potes
639 2054 786 2138 Davoque
802 2053 967 2119 Chremeta

224 2140 376 2215 illudente
392 2162 494 2204 senem
510 2141 601 2203 comis
617 2140 733 2222 garrire
748 2141 863 2204 libellos

225 2226 316 2292 Unus
332 2228 475 2302 vivorum,
490 2225 649 2303 Fundani3
673 2225 768 2290 Pollio
783 2248 890 2310 regum

224 2313 321 2377 Facta
335 2314 417 2377 canit
432 2312 509 2397 pede
526 2320 573 2375 ter
588 2332 753 2396 percusso;
776 2313 853 2376 forte
869 2334 941 2397 epos
956 2333 1028 2378 acer

224 2398 270 2463 Ut
283 2403 370 2463 n'emo
385 2399 500 2464 Varius
515 2399 615 2474 ducit;
639 2400 726 2462 molle
742 2407 834 2483 atque
849 2400 983 2463 facetum

223 2484 354 2570 Virgilio
370 2493 541 2549 annuerunt
556 2485 725 2568 gaudentes
742 2507 811 2548 rure
828 2485 990 2549 Camenae.

224 2571 293 2636 Hoc
309 2579 386 2649 erat,
402 2581 526 2655 experto
541 2571 655 2634 frustra
670 2571 809 2635 Varrone
824 2572 958 2635 Atacino

224 2658 329 2742 Atque
345 2658 523 2741 quibusdam
539 2658 615 2735 aliis,
632 2657 738 2720 melius
753 2657 833 2739 quod
849 2659 981 2721 seribere
997 2678 1126 2742 possem,

224 2743 387 2807 Inventore
402 2744 516 2818 minor3
540 2765 638 2826 neque
655 2765 711 2825 ego
727 2744 769 2806 illi
784 2742 944 2807 detrahere
961 2745 1056 2808 ausim

224 2827 411 2892 Haerentem
427 2830 518 2912 capiti
534 2850 601 2891 cum
618 2831 712 2893 multa
727 2829 816 2892 laudo
833 2851 981 2893 coronam.

224 2913 270 2977 At
284 2916 345 2979 dixi
360 2916 453 2978 fluere
470 2917 549 2978 hunc
565 2916 758 2993 lutulentum,
774 2937 863 3000 saepe
880 2917 1027 2980 ferentem

223 2999 318 3064 Plura
333 3002 453 3085 quidem
470 3001 602 3064 tollenda
617 3002 831 3086 relinquendis,
879 3005 961 3087 Age,
978 3024 1101 3087 quaeso,

223 3087 270 3151 Tu
285 3088 358 3150 nihil
374 3088 403 3149 in
420 3109 527 3170 magno
543 3086 649 3150 doctus
665 3089 861 3171 reprehendis
877 3087 1036 3154 Homero?

222 3171 277 3237 Nil
293 3174 384 3237 comis
400 3175 507 3256 tragici
522 3182 620 3236 mutat
635 3172 768 3238 Lucilius
786 3174 888 3238 Acci?

222 3257 295 3322 Non
310 3260 390 3322 ridet
406 3281 510 3322 versus
527 3260 604 3322 Enni
622 3262 770 3342 gravitate
787 3262 928 3339 minores,

193 3380 199 3389 ·
224 3344 301 3409 Cum
316 3345 354 3408 de
370 3366 402 3408 se
418 3347 550 3429 loquitur
565 3367 623 3408 non
640 3357 673 3408 ut
688 3347 799 3430 majore
816 3346 991 3431 reprensis?

223 3429 304 3505 Quid
319 3440 403 3495 vetat
418 3441 450 3494 et
464 3441 580 3494 nosmet
595 3430 692 3495 Lucili
708 3434 822 3516 scripta
836 3436 972 3516 legentes

223 3515 390 3596 Quaerere,
405 3540 476 3580 num
492 3519 582 3596 illius,
597 3541 668 3580 num
685 3541 786 3582 rerum
802 3519 879 3582 dura
893 3521 1012 3604 negarit

222 3602 398 3668 Versiculos
413 3615 522 3667 natura
537 3606 633 3685 magis
648 3606 744 3669 factos
759 3615 791 3669 et
806 3616 913 3669 euntes

222 3689 344 3754 Mollius
360 3712 395 3754 ac
410 3692 436 3754 si
451 3691 518 3775 riuis
534 3691 661 3774 pedibus
677 3692 750 3775 qnid
767 3693 908 3756 claudere
919 3693 1015 3771 senis,

157 3834 162 3841 .
222 3774 291 3840 Hoc
307 3784 424 3840 tantum
441 3786 611 3854 contentus,
627 3785 708 3841 amet
723 3779 879 3861 scripsisse
895 3780 1040 3843 ducentos

221 3861 306 3926 Ante
322 3863 421 3926 cibum
437 3885 552 3942 versus,
569 3863 692 3926 totidem
709 3873 872 3940 coenatus3
898 3864 1018 3929 Etrusci

223 3945 319 4021 Quale
335 3949 393 4011 fuit
408 3948 495 4012 (lassi
510 3948 615 4031 rapido
630 3949 797 4012 ferventius
814 3950 893 4013 amni

221 4030 396 4117 Ingenium,
411 4035 511 4119 capsis
526 4056 617 4120 quem
631 4034 715 4098 fama
730 4041 859 4097 estesse
875 4035 1019 4118 librisque

220 4117 404 4182 Ambustum
420 4119 570 4203 propriis?
615 4119 721 4184 Fuerit
736 4119 881 4201 Lucilius,
895 4120 1029 4204 inquam,

222 4201 321 4267 Co'mis
337 4213 368 4268 et
382 4206 527 4283 urbanus,
543 4206 635 4268 luerit
649 4207 778 4269 limatior
794 4207 874 4269 idem

222 4287 320 4362 Quum
334 4291 417 4353 rudis
433 4301 465 4354 et
481 4291 608 4355 Graecis
622 4292 729 4355 intacti
744 4293 881 4356 carminis
897 4300 1014 4373 auctor,

222 4374 379 4460 Quamque
396 4383 552 4460 poetarum
568 4379 717 4441 seniorum
734 4379 842 4456 turba3
865 4379 919 4442 sed
935 4379 997 4459 ille,

223 4458 256 4524 si
270 4463 349 4526 foret
363 4463 419 4526 hoo
434 4472 571 4527 nostrum
586 4464 648 4527 fato
664 4465 774 4528 dilatus
790 4466 820 4528 in
836 4486 955 4542 aevum,

221 4543 384 4612 Detereret
398 4550 453 4612 sibi
469 4552 576 4630 multa,
592 4551 742 4614 recideret
757 4573 843 4615 omne
860 4551 939 4635 quod
956 4552 1037 4615 ultra

220 4633 395 4698 Perfectum
410 4636 596 4714 traheretur,
613 4637 688 4700 etin
705 4659 794 4701 versu
814 4637 952 4700 faciendo

222 4718 321 4805 Saepe
337 4729 428 4804 caput
442 4723 581 4786 scaberet
596 4723 679 4786 vivos
694 4731 726 4786 et
740 4724 862 4787 roderet
876 4743 1004 4805 ungues.

103 4836 105 4844 =
220 4804 321 4893 Saepe
336 4807 437 4871 stilum
452 4817 555 4874 vertas
569 4810 679 4873 iterum
694 4830 773 4894 quoe
788 4809 881 4894 digna
893 4808 955 4893 legi
969 4809 1031 4875 sint
