2900 6042
623 1348 798 1395 canamus!

357 1500 558 1566 Deiectsbere
572 1500 663 1564 tibiae

316 1586 421 1653 Mixtis
436 1586 615 1649 carminibus
641 1607 700 1649 non
715 1586 779 1649 sine
793 1586 895 1652 fistula
903 1606 914 1665 ;

358 1671 425 1735 Illic
439 1671 485 1733 bis
500 1672 583 1755 pueri
599 1670 648 1733 die

315 1756 438 1822 Numen
452 1777 521 1819 cum
536 1756 646 1818 teneris
661 1755 825 1839 virginibus
841 1763 928 1821 tuum

356 1840 530 1905 Laudantes
544 1841 620 1924 pede
636 1840 763 1903 candido

315 1928 355 1994 In
369 1947 481 1990 morem
498 1924 611 1987 Salium
626 1932 674 1987 ter
687 1924 826 2008 quatient
838 1924 975 1990 humum.

357 2011 412 2075 Me
425 2031 481 2074 nec
502 2010 613 2073 femina
628 2030 683 2072 nec
699 2031 775 2093 puer

314 2095 338 2161 J
338 2117 385 2160 am
400 2115 456 2158 nec
472 2115 541 2178 spes
555 2094 645 2157 animi
659 2094 784 2157 credula
797 2093 906 2175 mutui,

358 2180 391 2243 N
392 2201 426 2243 ec
443 2187 559 2243 certare
569 2180 658 2261 juvat
671 2199 754 2241 mero

315 2263 383 2329 Nec
398 2265 509 2328 vincire
523 2264 607 2326 novis
622 2263 902 2346 temperatioribus.

360 2348 423 2413 Sed
437 2371 492 2414 cur
516 2349 587 2427 heu,
600 2347 755 2431 Ligurine,
769 2369 825 2411 cur

315 2433 423 2498 Manat
437 2455 506 2498 rara
519 2454 601 2497 meae
615 2433 751 2497 lacruma
764 2453 820 2517 per
833 2431 954 2517 genas?

359 2519 422 2583 Cur
435 2519 566 2583 facunda
579 2539 685 2601 parum
700 2518 809 2582 decoro

315 2603 402 2669 Inter
415 2605 508 2669 verba
522 2603 604 2667 eadit
616 2603 720 2686 lingua
734 2602 877 2666 silentio?

357 2689 523 2754 Nocturnis
538 2709 594 2771 ego
609 2687 729 2751 somniis

314 2774 338 2840 J
338 2795 386 2838 am
400 2781 521 2858 captum
535 2781 634 2851 teneo,
644 2774 709 2856 jam
725 2773 877 2837 volucrem
890 2792 1002 2858 sequor

359 2859 403 2923 'Pe
418 2881 473 2944 per
487 2858 622 2942 gramina
635 2857 742 2921 Martii

315 2940 433 3030 Campi,
448 2950 478 3007 te
493 2962 666 3028 persequar,
681 2942 768 3023 dure,
782 2942 939 3008 volubiles.

547 3348 866 3434 uusuuuru

400 3708 579 3774 P1nnmun
593 3709 727 3793 quisquis
741 3707 844 3774 studet
858 3704 1013 3787 aemulari,

401 3792 480 3872 Iule,
495 3793 604 3857 ceratis
619 3814 674 3877 ope
689 3793 845 3858 Daedalea

399 3876 517 3941 Nititur
529 3877 636 3960 pennis
661 3878 758 3940 vitreo
772 3878 899 3941 daturus

573 3959 704 4022 Nomina
717 3968 818 4042 pontu.

401 4042 507 4108 Monte
523 4041 687 4105 decurrens
700 4044 785 4106 velut
797 4043 893 4106 amnis
918 4043 1029 4111 imbres

401 4128 500 4202 Quem
514 4148 604 4212 super
616 4133 703 4190 notas
718 4129 820 4191 aluere
836 4128 916 4210 ripas

400 4214 514 4319 Ferget
527 4215 748 4361 imssingmque
762 4213 824 4277 ruit
841 4211 989 4298 profundo

401 4384 522 4450 Laurea
533 4320 883 4471 dondddffigddinm,

405 4470 468 4536 Seu
482 4493 536 4556 per
550 4470 680 4536 audaces
694 4493 773 4535 nova
787 4468 990 4556 dithyrambos

403 4556 508 4622 Verba
522 4555 653 4620 devolvit
678 4558 869 4642 numerisque
884 4558 984 4621 fertur

575 4641 659 4726 Lege
674 4643 800 4719 solutis3

404 4721 467 4789 Seu
481 4725 554 4791 deos
567 4748 694 4810 regesve
709 4729 792 4792 canit
816 4725 941 4790 deorum

406 4807 589 4894 Sanguinem
614 4832 670 4895 per
683 4831 759 4894 quos
773 4811 912 4876 cecidere
920 4810 1007 4894 juste
