2900 6042
1266 927 1275 934 ι

227 1302 290 1370 lto
612 1313 798 1361 sarmarum

228 1473 407 1540 Discedunt.
452 1470 574 1536 Etenim
587 1470 684 1537 fateor
698 1492 758 1551 me,
773 1469 884 1534 dixerit
897 1468 959 1548 ille,

228 1561 308 1626 Duei
323 1566 428 1623 ventre
442 1559 551 1635 levem,
565 1577 671 1621 nasum
685 1557 789 1621 nidore
805 1556 937 1640 supinor,

229 1647 411 1724 imbecillus,
425 1645 516 1723 iners,
531 1645 557 1707 si
571 1645 643 1726 quid
660 1645 703 1706 vis
730 1643 808 1706 adde
835 1641 953 1726 popino.

228 1733 358 1813 'sucum
373 1732 414 1794 sis
429 1729 508 1814 quod
524 1750 580 1811 ego
595 1739 627 1792 et
641 1730 776 1792 fortassis
790 1729 926 1810 nequior,
940 1726 1020 1791 ultro

229 1817 385 1882 Insectere
400 1819 484 1880 volut
496 1816 601 1878 melior
627 1815 786 1897 verbisque
801 1813 917 1876 decoris

230 1903 380 1966 Obvolvas
395 1899 526 1965 vitium?
571 1899 662 1978 Quid,
674 1902 699 1963 si
714 1922 762 1963 me
778 1898 896 1962 stultior
910 1900 974 1981 ipso

230 1988 409 2071 Quingentis
424 1995 503 2049 emto
518 1985 666 2049 drachmis
681 1983 903 2070 deprenderis?
947 1983 1046 2046 Aufer

229 2074 282 2138 Mc
298 2075 383 2136 vultu
397 2080 512 2135 terrere
525 2093 533 2148 3
555 2093 676 2135 manum
691 2071 935 2153 stomachumque
951 2077 1064 2147 teneto,

229 2159 322 2239 Dm,
338 2180 415 2243 quae
431 2157 560 2241 Crispini
575 2158 676 2221 docuit
690 2179 738 2220 me
749 2157 863 2240 janitor
889 2155 956 2218 edo.

125 2312 142 2337 ·
229 2245 273 2309 Tc
288 2246 397 2329 conjux
411 2244 509 2307 aliena
523 2242 615 2327 capit,
629 2242 822 2306 meretricula
836 2241 976 2305 Davum:

231 2331 346 2394 Peccat
359 2337 429 2393 uter
443 2336 577 2401 nostrum
592 2349 682 2392 cruce
698 2325 844 2411 dignius?
891 2325 979 2390 Acris
993 2323 1046 2389 ubi
1059 2345 1108 2389 me

159 2466 162 2471 .
230 2415 351 2480 Natura
364 2414 504 2494 intendit,
519 2413 574 2477 sub
589 2415 672 2478 clara
684 2415 768 2477 nuda
781 2415 906 2476 lucerna

230 2501 436 2586 Quaecunque
460 2500 579 2583 excepit
594 2500 742 2583 turgentis
757 2495 1025 2572 rememorandae,

231 2586 375 2652 Cluuibus
390 2592 443 2651 aut
457 2587 583 2669 agitavit
597 2607 707 2670 equum
721 2585 833 2648 lasciva
847 2584 997 2668 supinum,

232 2673 364 2737 Dimittit
376 2694 474 2756 neque
489 2673 634 2735 famosum
649 2692 748 2755 neque
763 2670 922 2733 sollicitum
947 2688 987 2733 ne

232 2757 330 2823 Ditior
344 2767 397 2822 aut
410 2759 523 2822 formae
538 2758 668 2820 melioris
682 2757 774 2820 meiat
788 2756 905 2819 codem.

232 2844 279 2906 Tu
294 2865 362 2907 cum
377 2845 517 2928 projectis
531 2842 705 2927 insignibus,
718 2843 829 2907 annulo
845 2839 981 2926 equestri

231 2929 426 3013 Romanoque
442 2929 557 3008 habitu,
572 2929 672 3013 prodis
687 2951 725 2992 ex
735 2928 838 3013 judice
854 2928 952 2991 Dama

233 3015 352 3098 Turpis,
367 3014 522 3078 odoratum
539 3022 630 3098 caput
645 3015 823 3078 obscurante
837 3015 970 3093 lacerna,

234 3099 303 3164 Non
318 3121 351 3163 cs
365 3100 445 3184 quod
460 3101 604 3164 simulas?
648 3100 791 3163 Metuens
805 3099 967 3180 induceris,
982 3103 1074 3181 atque

233 3185 410 3249 Altercantc
426 3185 595 3249 libidinibus
611 3186 713 3249 tremis
728 3207 795 3249 ossa
809 3206 930 3269 pavore.

234 3269 313 3343 Quid
328 3272 422 3334 refert
447 3272 505 3352 uri,
521 3272 612 3355 virgis
627 3273 767 3354 ferroque
783 3271 885 3334 necari

231 3357 417 3421 Auctoratus
433 3379 495 3437 eas,
510 3378 549 3420 an
564 3359 645 3441 turpi
661 3358 779 3420 clausus
794 3358 824 3419 in
840 3376 922 3435 arca,

233 3439 299 3515 Quo
314 3450 345 3505 te
360 3443 479 3507 demisit
492 3444 609 3528 peccati
625 3443 744 3506 conscia
757 3443 870 3520 herilis,

233 3526 427 3592 contractum
442 3530 567 3611 genibus
582 3535 690 3612 tangas
705 3526 822 3612 caput?
868 3526 962 3591 Estne
976 3528 1084 3593 marite

232 3613 390 3678 Matronae
405 3617 557 3698 peccantis
572 3616 602 3677 in
618 3616 704 3678 ambo
713 3615 799 3699 justa
812 3613 970 3697 potestas?

233 3699 270 3763 In
285 3708 489 3783 corruptorem
504 3700 553 3764 vel
563 3700 696 3785 justior?
741 3700 799 3764 Illa
814 3708 962 3763 tamense

231 3784 302 3848 Non
317 3785 420 3849 habitu
435 3794 568 3848 mutatve
583 3787 658 3864 loco,
674 3794 818 3871 peccatve
834 3807 973 3869 superne.

232 3869 309 3933 Cum
325 3879 355 3934 te
370 3871 510 3934 formidet
525 3872 632 3934 mulier
645 3893 744 3955 neque
760 3871 866 3934 credat
880 3871 1004 3949 amanti,

232 3955 294 4019 Ibis
309 3956 364 4018 sub
378 3956 495 4020 furcam
510 3957 652 4039 prudens,
668 3958 844 4040 dominoque
860 3956 971 4020 furenti

233 4040 407 4104 Committes
422 4064 484 4105 rem
500 4064 617 4106 omnem
631 4052 663 4105 ct
678 4043 770 4106 vitam
785 4051 899 4106 etcum
915 4062 1038 4126 corpore
1053 4042 1173 4107 samam.

233 4127 349 4208 Errasti,
372 4126 464 4191 credo
487 4135 605 4192 metues
628 4127 793 4211 doctusque
810 4129 951 4206 cavebis3

232 4211 366 4285 Quaeres
392 4212 511 4295 quando
526 4213 635 4276 iterum
649 4235 760 4297 paveas
774 4215 941 4297 iterumque
956 4214 1054 4296 perire

232 4297 344 4373 Possis,
359 4319 377 4360 o
393 4300 481 4361 toties
496 4300 621 4364 servus!
661 4298 747 4373 Quae
761 4300 861 4363 bellua
876 4300 980 4383 ruptis,
1236 4318 1270 4369 ra

232 4381 307 4446 Cum
323 4385 416 4446 semel
431 4385 545 4468 effugit,
561 4385 661 4448 reddit
674 4407 706 4448 se
722 4406 816 4470 prava
831 4384 970 4449 catenis?

232 4467 302 4531 Non
317 4490 383 4532 sum
397 4471 539 4535 moechus
553 4471 607 4534 cis.
630 4470 740 4554 Neque
756 4493 813 4555 ego
839 4471 961 4534 hercule
990 4470 1041 4533 fur
1065 4470 1118 4535 nbi
1132 4488 1205 4535 vasa

231 4554 395 4617 Praetereo
410 4557 529 4639 sapiens
545 4565 709 4639 argentea:
734 4559 803 4620 tolle
819 4557 975 4640 periclum,

230 4637 253 4701 J
254 4660 301 4701 arn
318 4661 395 4722 vaga
410 4643 542 4724 prosiliet
556 4643 648 4706 frenis
664 4651 773 4706 natura
788 4643 919 4706 remotis.

230 4723 315 4788 Tune
330 4726 402 4788 mihi
416 4727 562 4806 dominus,
578 4750 678 4791 rerum
693 4729 826 4811 imperiis
840 4729 1049 4811 hominumque
1236 4742 1269 4794 tt

231 4807 289 4871 Tot
303 4812 453 4895 tantisque
468 4813 575 4891 minor,
590 4835 680 4897 quem
695 4823 743 4877 ter
758 4815 890 4879 vindicta
904 4822 1071 4899 quaterque
