2900 6042
667 1242 842 1291 cananum

448 1400 532 1466 Luce
546 1398 710 1463 Maecenas
723 1417 809 1460 meus
821 1393 992 1460 adfluentes

616 1479 745 1545 Ordinat
759 1502 862 1544 annos.

445 1568 622 1653 Telephum,
638 1588 728 1649 quem
743 1575 777 1629 tu
792 1566 881 1649 petis,
895 1564 1055 1649 occupavit

446 1655 518 1719 Non
534 1661 604 1717 tuae
619 1653 708 1715 sortis
717 1653 862 1736 juvenem
888 1651 990 1733 puella

447 1738 542 1804 Dives
553 1746 585 1802 et
598 1738 721 1814 lasciva,
736 1743 879 1817 tenetque
894 1743 983 1818 grata

620 1821 772 1904 Compede
786 1821 929 1883 vinctum.

446 1910 556 1973 Terret
569 1907 722 1970 ambustus
739 1905 897 1968 Phaethon
911 1924 1018 1968 avaras

448 1992 537 2077 Spes,
553 2001 584 2055 et
600 1992 770 2074 exemplum
784 2011 876 2073 grave
891 1989 1017 2074 praebet
1029 1989 1094 2054 ales

446 2078 594 2161 Pegasus,
616 2084 769 2139 terrenum
785 2077 916 2159 equitem
931 2081 1074 2159 gravatus

616 2160 890 2244 Bellerophontem,

449 2245 576 2330 Semper
589 2254 624 2308 ut
640 2254 668 2308 te
684 2245 776 2328 digna
790 2266 917 2328 aequare
944 2249 976 2307 et
1000 2244 1082 2310 ultra

449 2331 547 2405 Quam
560 2332 632 2395 licet
645 2352 767 2413 sperare
782 2332 868 2393 nefas
882 2328 1016 2414 putando

448 2415 708 2502 Disparem‘vites.
753 2416 824 2498 Age
833 2416 910 2500 jam,
924 2435 1060 2480 meorum
1105 2486 1115 2505 ,

617 2500 700 2563 Finis
714 2520 899 2564 amorum-
919 2546 922 2553 ·

447 2585 519 2650 Non
534 2586 612 2649 enim
627 2586 750 2669 posthac
766 2586 824 2649 alin
839 2584 942 2650 calebo

447 2671 573 2734 Femina
592 2671 782 2734 -condisee
796 2670 898 2734 modos
924 2669 1053 2736 amanda

447 2755 533 2820 Voce
549 2777 622 2840 quos
636 2755 747 2819 reddas
759 2775 767 2832 ;
789 2756 963 2821 minuentur
977 2763 1062 2821 atrae

619 2840 758 2907 Carmine
773 2861 876 2906 curae.

573 3269 803 3337 OARMEN
831 3270 935 3337 XII.

404 3610 428 3676 J
429 3630 477 3676 nu
492 3614 570 3679 veris
586 3615 708 3680 comites
734 3634 812 3699 quae
827 3633 909 3678 mare
925 3619 1095 3699 temperant

406 3696 570 3782 Impelluut
585 3702 700 3764 animae
716 3702 810 3764 lintea
824 3698 991 3776 Thraciae,

404 3780 478 3846 ‚lam
491 3805 548 3848 nec
565 3793 653 3867 prata
667 3788 767 3868 rigent
791 3806 848 3849 nee
862 3785 945 3848 fluvii
959 3790 1099 3870 strepunt

533 3868 672 3932 Hiberna
684 3871 753 3932 nive
769 3871 892 3951 turgidi.

406 3949 522 4013 Nidnm
537 3954 630 4034 ponit,
645 3954 719 4031 Ityn
733 3954 872 4016 flebiliter
886 3974 1020 4037 gemens,

405 4032 516 4097 Infelix
531 4036 594 4100 avis
620 4044 652 4099 et
666 4037 830 4120 Cecropiae
846 4039 950 4102 domus

407 4118 577 4184 Aeternum
592 4123 792 4205 opprobrium,
808 4123 888 4203 quod
903 4124 981 4187 male
995 4123 1139 4190 barbaras
1264 4191 1266 4197 ,

533 4206 652 4290 Regum
666 4214 713 4271 est
724 4208 789 4270 ulta
802 4207 950 4272 libidines.

405 4289 521 4356 Dicunt
535 4292 566 4356 in
581 4301 684 4357 toncro
700 4293 835 4377 gramine
851 4294 1006 4377 pinguium

408 4375 554 4443 Custodes
571 4379 669 4442 ovium
684 4380 817 4444 carmina
830 4381 942 4459 fistula,

404 4458 625 4549 Delectantque
641 4465 730 4529 deum
757 4467 805 4529 cui
820 4487 913 4549 pecus
928 4473 960 4529 et
973 4464 1052 4548 nigri

536 4549 633 4614 Colles
647 4551 800 4616 Arcadiae
816 4552 946 4635 placent.
973 4592 975 4597 -

406 4631 572 4699 Adduxere
587 4638 665 4700 sitim
681 4645 828 4721 tempora,
843 4637 974 4719 Virgili;

409 4713 470 4779 sed
486 4740 621 4802 pressum
637 4720 758 4786 Calibus
773 4723 885 4787 ducere
901 4721 1043 4786 Liberum
