2900 6042
587 1285 713 1335 maort
735 1286 840 1334 mn.

526 1603 759 1672 CARMEN
787 1604 898 1673 VII.

1085 1747 1112 1793 ο

361 1947 443 2029 Qua,
459 1969 518 2033 quo
532 1948 653 2012 scelesti
665 1945 777 2012 ruitis?
800 1954 924 2014 auteur
937 1947 1071 2015 dexteris

405 2034 561 2118 Aptantur
576 2054 663 2097 ansas
677 2032 814 2097 conditi?

362 2118 513 2183 Parumne
529 2120 641 2202 campis
656 2124 748 2202 atqua
765 2118 910 2218 Neptuno
923 2139 1018 2205 super

405 2203 519 2268 Fusum
534 2212 581 2268 est
594 2203 695 2267 Latini
709 2224 864 2287 sanguinis

360 2288 432 2355 Non
446 2297 482 2353 ιιι
495 2289 639 2373 supurbas
653 2224 864 2354 invidasguum
781 2252 982 2375 Κώεω

401 2375 555 2440 Romanus
569 2396 655 2439 arcas
668 2381 784 2455 ararat,

358 2459 496 2525 Intactas
512 2466 565 2524 aut
578 2461 744 2524 Britannus
758 2422 794 2524 ιιι
807 2459 1008 2527 descenderet

403 2544 499 2610 Sacra
512 2553 669 2610 catenatus
684 2546 745 2626 via,
771 2600 784 2617 .

362 2629 424 2697 Sed
439 2637 474 2695 ιιι
487 2632 653 2696 secundum
668 2638 739 2695 vota
749 2630 931 2696 Parthum
944 2650 1000 2697 sua

398 2715 482 2781 Urbs
497 2718 573 2781 haec
588 2717 701 2800 periret
715 2714 866 2780 dsxtsrai

357 2802 467 2886 Neque
482 2803 531 2866 hic
545 2804 647 2903 lupis
638 2824 701 2867 mos
715 2822 772 2866 nea
786 2802 845 2866 fuit
856 2801 992 2867 lsomtus

400 2888 543 2971 Unquam
568 2889 625 2952 nisi
639 2889 671 2952 in
686 2889 788 2973 dispar
812 2886 895 2951 faris.

357 2971 493 3037 Furorns
509 2996 629 3054 caecus,
644 2995 683 3037 an
697 2974 778 3058 rapit
791 2973 837 3038 ris
851 2972 959 3057 acrior,

399 3058 452 3121 An
469 3059 580 3144 culpa?
619 3060 811 3145 Responsum
826 3058 906 3122 dats.

357 3142 474 3207 Tacent
487 3152 519 3207 et
532 3145 618 3210 albus
630 3166 684 3208 ora
696 3145 794 3230 pallor
805 3145 900 3209 inficit

398 3228 579 3313 Montesque
594 3232 749 3315 perculsae
764 3236 897 3314 stupent.

358 3311 410 3379 sio
424 3321 488 3378 ast:
512 3316 622 3379 acerba
635 3316 699 3380 fata
713 3316 864 3380 Romanos
877 3319 974 3400 agunt

401 3398 565 3484 Scelusque
580 3402 732 3466 fraternas
747 3401 842 3481 naris,

355 3483 423 3551 Πι
415 3487 598 3550 rmmarentis
611 3487 718 3550 fluxit
710 3509 743 3550 ιιι
757 3493 869 3552 tarrarn
882 3485 972 3552 Remi

397 3568 492 3636 Sacer
505 3573 661 3657 nepotibus
675 3592 775 3636 cruor.

443 4000 446 4004 ’
503 3996 735 4065 GARMEN
763 3998 895 4066 VIII.

352 4338 488 4405 Rouana
501 4339 590 4422 longo
604 4338 740 4424 putidam
754 4347 785 4404 ts
800 4342 914 4424 seculo,

395 4424 486 4490 Vires
501 4426 574 4508 quid
589 4433 714 4489 enervet
701 4428 830 4495 tmsas!

351 4507 491 4573 Oumt
452 4519 525 4574 srtt
512 4512 565 4576 tibi
587 4511 743 4576 densatur
766 4520 799 4576 et
813 4513 896 4597 rugus
910 4519 999 4581 vatus

393 4595 536 4659 Frontem
551 4605 690 4661 senectus
704 4606 820 4679 exarat,

351 4678 486 4765 Hietque
503 4682 597 4766 turpis
611 4684 690 4746 inter
704 4684 804 4748 aridas
819 4691 905 4750 nates

393 4765 497 4830 Puden
523 4768 607 4831 velut
619 4768 732 4833 crudas
745 4770 840 4834 bovis.
