2900 6042
1110 1489 1238 1535 Lm.
1288 1491 1336 1537 1.
1387 1451 1588 1538 Blus‘r.
1637 1491 1732 1537 xl.

375 1637 656 1705 Mutatae
685 1649 976 1726 quatient.
1071 1641 1140 1706 Si
1170 1644 1315 1727 quid
1344 1645 1638 1708 mirabere
1691 1666 1877 1730 pones

375 1724 630 1790 InvituS.
724 1728 895 1812 Fuge
926 1749 1144 1811 magna
1170 1750 1187 1806 ;
1232 1730 1375 1794 licet
1403 1731 1514 1793 sub
1545 1752 1809 1815 paupere
1839 1737 2003 1796 tecto

374 1812 580 1897 Reges
611 1820 672 1877 et
701 1836 911 1897 regum
945 1815 1067 1878 vita
1096 1837 1487 1899 praecurrere
1529 1817 1770 1881 amicos·

380 1897 612 1963 Cervus
645 1920 865 1983 equum
896 1922 1100 1984 pugna
1128 1903 1337 1964 melior
1365 1903 1774 1966 communibus
1801 1903 2005 1969 herbis

374 1983 670 2063 Pellebat,
701 1986 891 2050 donec
921 1988 1114 2050 minor
1145 1988 1207 2049 in
1237 1989 1562 2051 certamine
1593 1989 1770 2072 longo

373 2070 724 2154 Imploravit
752 2093 895 2156 opes
925 2074 1174 2136 hominis
1203 2074 1561 2157 frenumque
1593 2075 1861 2158 recepit3

376 2154 499 2219 Sed
530 2167 842 2241 postquam
874 2159 1064 2222 victor
1094 2160 1318 2223 violens
1349 2160 1624 2223 discessit
1652 2161 1726 2223 ab
1757 2161 1929 2225 hoste

372 2241 433 2304 N
438 2264 513 2305 on
543 2245 805 2326 equitem
837 2244 1034 2324 dorSO,
1064 2267 1181 2307 non
1213 2245 1449 2308 frenum
1481 2246 1713 2329 depulit
1741 2267 1865 2310 ore.

374 2326 475 2391 Sic
529 2330 632 2413 qui
660 2331 1008 2414 pauperiem
1039 2331 1264 2394 veritus
1295 2331 1522 2414 potiore
1555 2332 1811 2395 metallis

371 2412 678 2478 Libertate
709 2423 898 2494 caret,
929 2416 1232 2479 dominum
1264 2417 1426 2478 vehit
1455 2416 1756 2500 improbus
1788 2424 1970 2502 atque

373 2497 610 2565 Serviet
637 2508 972 2579 aeternum,
1005 2503 1148 2584 quia
1176 2523 1359 2584 parvo
1388 2503 1619 2565 nesciet
1655 2503 1765 2565 uti.

371 2585 486 2649 Cui
514 2608 635 2650 non
665 2587 981 2650 conveniet
1009 2607 1120 2649 sua
1148 2607 1269 2663 res,
1303 2595 1373 2649 ut
1401 2588 1641 2650 calceus
1671 2588 1833 2668 olim,

369 2670 437 2735 Si
467 2672 621 2756 pede
652 2675 843 2758 major
871 2673 1008 2749 erit,
1037 2671 1368 2751 subvertet,
1397 2672 1448 2735 si
1477 2673 1670 2736 minor
1731 2680 1892 2737 uret.

366 2755 594 2821 Laetus
624 2766 784 2821 sorte
815 2766 922 2821 tna
951 2757 1115 2820 vives
1143 2758 1469 2841 sapienter,
1510 2758 1727 2839 Aristi,

365 2841 428 2906 N
434 2863 504 2906 ec
534 2864 630 2907 me
661 2843 925 2907 dimittes
952 2843 1375 2927 incastigatum
1426 2844 1531 2907 ubi
1560 2844 1735 2927 plura

370 2928 603 3011 Cogere
657 2950 840 3014 quam
867 2929 1012 2994 satis
1041 2936 1137 2993 est
1186 2950 1258 2994 ac
1288 2951 1407 2993 non
1437 2951 1675 2996 cessare
1707 2930 1976 2996 videbor.

363 3013 638 3100 Imperat
665 3023 772 3079 aut
799 3016 985 3080 servit
1014 3017 1267 3080 collecta
1293 3017 1549 3100 pecunia
1580 3017 1823 3102 cuique,

362 3099 614 3165 Tor-tum
643 3101 828 3186 digna
854 3103 1027 3187 sequi
1055 3102 1252 3187 potius
1282 3123 1464 3187 quam
1494 3103 1717 3167 ducere
1747 3104 1976 3167 funem.

362 3183 539 3252 Haec
564 3187 671 3251 tibi
699 3187 999 3253 dictabam
1029 3195 1165 3272 post
1193 3188 1400 3252 fanum
1429 3196 1605 3273 putre
1634 3188 1957 3271 Vacunae,

361 3270 635 3360 Excepto
663 3273 825 3360 quod
853 3295 971 3338 non
1000 3274 1177 3339 simul
1205 3295 1369 3340 esses
1395 3283 1644 3341 caetera
1665 3276 1884 3341 laetus.

987 3701 1574 3797 EPIsTOLA
1647 3702 1812 3769 XI.

357 3875 529 3953 QUID
558 3876 668 3941 tibi
697 3876 826 3940 visa
856 3873 1060 3953 Chios,
1085 3873 1336 3952 Bullati,
1366 3880 1629 3958 notaque
1660 3873 1910 3953 Lesbos,

355 3962 517 4038 Quid
546 3963 838 4026 concinna
869 3960 1102 4038 SamoS,
1133 3960 1279 4043 quid
1310 3959 1519 4023 Croesi
1546 3961 1718 4043 regia
1750 3959 1995 4041 Sardes,

357 4048 620 4133 Smyrna
648 4048 794 4133 qnid
825 4055 890 4111 et
919 4045 1271 4131 Colophon?
1308 4045 1546 4130 Majora
1572 4047 1877 4114 minorave
1908 4047 2087 4126 fama,

354 4135 670 4199 Cunctane
700 4154 846 4218 prae
882 4131 1108 4217 Campo
1138 4139 1202 4196 et
1230 4132 1511 4197 Tiberino
1540 4133 1782 4197 flumine
1812 4131 2113 4198 sordent?

350 4223 457 4286 An
485 4221 650 4285 venit
677 4220 741 4284 in
769 4227 974 4284 votum
1001 4219 1286 4283 Attalicis
1317 4241 1393 4283 ex
1420 4220 1668 4284 urbibus
1697 4241 1841 4300 una,

351 4308 456 4371 An
487 4307 794 4371 Lebedum
824 4305 1037 4370 laudas
1066 4306 1199 4369 odio
1230 4306 1410 4369 maris
1441 4313 1623 4391 atque
1657 4303 1939 4370 viarum?

355 4392 488 4457 Scis
539 4392 818 4457 Lebedus
848 4391 995 4477 quid
1023 4392 1136 4456 sit:
1188 4391 1394 4456 Gabiis
1424 4391 1719 4456 desertior
1756 4400 1940 4478 atque

348 4477 595 4543 Fidenis
623 4479 831 4554 vicus;
879 4488 1078 4542 tamen
1107 4479 1227 4541 illic
1261 4478 1462 4541 vivere
1496 4478 1732 4559 vellem,

349 4564 709 4650 Oblitusque
733 4586 1002 4629 meorum
1029 4564 1465 4628 obliviscendus
1496 4571 1561 4628 et
1586 4564 1703 4628 illis

347 4650 450 4715 Ne
491 4660 703 4715 tunum
733 4652 942 4737 procul
971 4671 1006 4714 e
1036 4658 1202 4714 terra
1227 4657 1505 4734 spectare
1527 4650 1852 4714 furentem.

351 4735 435 4802 Se
507 4758 707 4822 neque
737 4737 841 4822 qui
873 4735 1089 4823 Capua
1117 4736 1374 4826 Romam
1405 4735 1561 4820 petit
1589 4736 1780 4801 imbre
1810 4737 2061 4821 lutoque

348 4824 696 4908 Adspersus
724 4824 887 4888 volet
913 4824 977 4888 in
1006 4844 1280 4907 caupona
1310 4822 1514 4887 vivere
1538 4843 1555 4900 ;
1598 4842 1739 4902 nec,
1769 4821 1875 4906 qui

345 4908 569 4995 Frigus
595 4909 841 4995 collegit
888 4909 1096 4974 furnos
1125 4919 1190 4974 et
1216 4910 1433 4973 balnea
1462 4908 1672 4974 laudat

345 4992 442 5061 Ut
467 4996 834 5062 fortunatam
862 4996 1040 5082 plene
1071 4996 1440 5081 praestantia
1471 4996 1674 5060 vitam.

2340 1474 2465 1538 195

2395 2442 2459 2491 ⁴0

2390 2865 2456 2916 ⁴5

2377 4670 2435 4721 10
