2900 6042
1011 1517 1141 1563 ms.
1186 1517 1236 1564 1.
1283 1516 1483 1564 calm.
1529 1515 1674 1564 m.
2300 1498 2386 1565 17

907 1797 1372 1905 GARMEN
1441 1828 1785 1903 xV111.

393 2178 700 2259 NULLAM,
727 2179 920 2260 Varo,
950 2200 1124 2244 sacra
1151 2179 1273 2243 vite
1302 2180 1469 2264 prius
1498 2178 1724 2245 severis
1753 2181 2026 2246 arborem

393 2264 573 2329 Circa
599 2265 744 2329 mite
775 2266 964 2329 solum
992 2266 1230 2329 Tiburis
1260 2273 1323 2329 et
1344 2267 1580 2330 moenia
1609 2264 1809 2330 Catili.

396 2349 586 2415 Siccis
615 2352 812 2416 omnia
838 2372 977 2415 nam
1006 2352 1159 2416 dura
1187 2352 1337 2415 deus
1363 2351 1691 2436 proposuit,
1719 2372 1918 2436 neque

391 2434 712 2500 Mol-daces
741 2437 917 2500 aliter
944 2436 1265 2520 diffugiunt
1292 2437 1738 2501 sollicitudines.

393 2519 542 2594 Quis
571 2532 706 2604 post
732 2523 875 2586 vina
902 2543 1147 2605 gravem
1174 2522 1445 2586 militiam
1475 2530 1581 2586 aut
1610 2521 1957 2606 pauperiem
1984 2542 2086 2587 cre
2166 2519 2243 2586 t?
2347 2540 2382 2590 5

392 2605 690 2680 Quisnon
715 2615 775 2670 te
806 2609 1024 2691 potius,
1052 2608 1296 2672 Bacche
1326 2613 1523 2691 pater,
1553 2615 1614 2671 te
1661 2629 1762 2687 ue,
1791 2607 2014 2672 decens
2107 2606 2308 2673 enus?

389 2689 484 2754 At
509 2711 588 2754 ne
618 2692 753 2775 quis
780 2692 995 2756 modici
1024 2693 1320 2756 transiliat
1346 2713 1599 2756 munera
1681 2692 1831 2756 'beri
1966 2706 1973 2712 ·

296 2835 300 2840 .
394 2775 738 2841 Centaurea
763 2783 966 2841 monet
994 2798 1132 2841 cum
1160 2777 1429 2860 Lapithis
1458 2778 1587 2841 rixa
1614 2798 1799 2861 super
1818 2797 1990 2842 -mero

390 2859 736 2942 Debellata,
798 2868 1002 2927 monet
1033 2862 1316 2927 Sithoniis
1344 2884 1465 2927 non
1492 2863 1642 2927 levis
1674 2863 1889 2944 Euius,

387 2942 544 3010 Cum
585 2946 681 3011 fas
741 2954 924 3032 atque
952 2948 1124 3012 nefas
1152 2948 1367 3031 exiguo
1393 2950 1515 3013 fine
1543 2948 1854 3012 libidinum
2318 2968 2381 3020 ιο

391 3031 761 3096 Discernunt
789 3033 968 3114 avidi.
1058 3033 1123 3096 N
1124 3056 1200 3097 on
1230 3055 1343 3117 ego
1372 3041 1456 3114 te,
1486 3035 1741 3098 candide
1771 3035 2097 3115 Bassareu,

391 3116 659 3181 Invitum
687 3119 974 3202 quatiam,
1033 3140 1147 3183 nec
1178 3120 1357 3183 variis
1385 3120 1578 3184 obsita
1605 3120 1915 3185 frondibus

393 3200 523 3274 ,Sub
555 3203 758 3267 divum
780 3206 1028 3289 rapiam.
1121 3204 1320 3269 Saeva
1345 3212 1486 3269 tene
1517 3227 1655 3271 cum
1684 3203 2053 3291 Berecyntio

395 3287 597 3353 Cornu
626 3296 934 3375 tympana,
964 3311 1118 3375 quae
1149 3291 1538 3375 subsequitur
1564 3312 1782 3356 caecus
1811 3290 2005 3355 Amor
2036 3289 2133 3355 sui

390 3373 477 3438 Et
505 3376 718 3439 tollens
748 3397 1004 3440 vacuum
1033 3377 1167 3460 plus
1194 3377 1374 3441 nimio
1406 3375 1613 3442 Gloria
1640 3377 1950 3459 verticem,
2317 3392 2383 3444 15

388 3460 742 3547 Arcanique
771 3461 954 3526 Fides
982 3463 1255 3547 prodiga,
1284 3463 1647 3548 perlucidior
1675 3461 1849 3528 vitro.

968 3885 1426 3951 CARMEN
1484 3885 1718 3952 XIX.

729 4228 970 4295 MATER
997 4249 1180 4293 saeva
1209 4226 1573 4313 Cupidinum

647 4316 1088 4399 Thebanaeque
1109 4315 1287 4396 jubet
1313 4337 1409 4378 me
1443 4314 1711 4379 Semeles
1738 4335 1893 4401 puer

734 4401 819 4465 Et
845 4402 1070 4465 lasciva
1098 4400 1373 4464 Licentia

645 4486 862 4551 Finitis
892 4487 1153 4550 animum
1183 4487 1439 4551 reddere
1463 4486 1781 4551 amoribus.

735 4571 884 4636 Urit
909 4593 1005 4635 me
1038 4571 1337 4654 Glycerae
1367 4572 1529 4635 nitor
2347 4590 2386 4642 ο

652 4654 1038 4742 Splendentis
1067 4656 1248 4720 Pario
1275 4678 1570 4721 marmore
1599 4656 1847 4741 purius;

735 4742 883 4807 Urit
905 4748 1081 4826 grata
1108 4742 1467 4825 protervitas

650 4826 737 4894 Et
766 4828 965 4894 voltus
991 4827 1238 4891 nimium
1265 4827 1531 4890 lubricus
1561 4823 1810 4911 adspici.

735 4913 815 4978 In
841 4935 939 4979 me
969 4921 1099 4978 tota
1124 4934 1305 4977 ruens
1333 4911 1549 4976 Venus

656 4996 928 5086 Cyprum
956 4998 1246 5078 deseruit,
1297 5018 1410 5062 nec
1440 4997 1668 5083 patitur
1698 4995 1960 5084 Scythas
2325 5018 2388 5070 ιο
