2900 6042
1121 973 1125 980 ι

513 1877 551 1956 Q.
589 1878 780 1946 nonaum
814 1827 988 1985 macor

392 2115 1098 2211 SATIRARUM

568 2391 685 2448 LIBER
708 2391 920 2451 SECUNDUS.
950 2392 953 2397 ’

668 2609 824 2657 -4-

618 2821 810 2887 SATIRA
839 2820 874 2886 Ι.

223 3027 245 3064 “
255 3023 342 3089 Smer
356 3022 465 3107 quibus
480 3022 511 3084 in
526 3027 620 3086 satura
634 3021 738 3086 videor
752 3022 841 3086 nimis
856 3043 927 3087 acer
941 3030 974 3087 et
987 3024 1070 3090 ultra

222 3109 338 3194 Legem
354 3108 479 3173 tendere
495 3129 570 3193 opus
584 3129 592 3184 ;
614 3108 678 3172 sinc
694 3108 796 3172 nervis
811 3109 908 3173 altera
922 3110 1071 3196 quidquid

224 3196 385 3280 Composui
398 3216 470 3279 pars
485 3216 551 3258 esse
567 3201 666 3279 putat,
682 3195 854 3278 similesque
869 3217 1003 3260 meorum

222 3283 309 3349 Mille
324 3282 374 3345 die
390 3303 495 3345 versus
510 3281 621 3345 deduci
636 3303 734 3365 posse.
781 3281 917 3360 Trebati,

223 3368 304 3444 Quid
315 3369 424 3433 faciam
436 3367 644 3451 praescribe.''
669 3373 689 3405 “
701 3366 877 3443 Quiescas.''
902 3373 922 3405 “
934 3367 984 3432 Ne
995 3369 1117 3452 faciam,
1128 3371 1238 3459 inquis,
1252 3396 1270 3447 5

224 3454 353 3525 Omnino
370 3452 532 3520 versus?”
570 3452 697 3518 “Ai0.”
736 3453 898 3518 “Peream
913 3457 991 3520 male
1006 3456 1107 3522 sinon

224 3541 379 3627 Optimum
394 3549 481 3605 erat:
506 3562 611 3603 verum
627 3562 745 3626 nequeo
760 3540 925 3605 dormire.’'
970 3546 991 3580 “
1004 3543 1065 3608 Ter
1078 3545 1163 3610 uncti

223 3629 413 3694 Trausnanto
429 3627 561 3692 Tiberim
576 3649 678 3692 somno
693 3628 801 3712 quibus
817 3635 865 3691 est
879 3650 954 3713 opus
969 3631 1041 3711 alto,

222 3715 437 3800 Irriguumque
453 3737 536 3779 mero
551 3714 607 3778 sub
622 3722 741 3778 noctem
756 3735 866 3798 eorpus
880 3715 1021 3780 habento.

223 3801 292 3866 Aut
305 3803 331 3866 si
346 3808 447 3865 tantus
463 3821 547 3864 amor
561 3800 712 3863 scribendi
729 3807 760 3863 te
776 3800 856 3883 rapit
870 3802 949 3865 aude

224 3888 363 3954 Caesaris
377 3887 481 3951 invicti
497 3907 546 3950 res
561 3886 675 3963 dicere,
690 3885 786 3949 multa
800 3886 935 3950 laborum

223 3974 365 4040 Praemia
378 3973 528 4037 laturus.'’
574 3975 594 4009 “
610 3970 772 4055 (lapidum,
786 3979 874 4055 pater
888 3972 1011 4056 optime,
1026 3972 1107 4040 vires

223 4061 398 4127 Deficiunt:
421 4080 520 4143 neque
536 4058 616 4122 enim
631 4057 729 4142 quivis
743 4057 896 4121 horrentia
910 4059 978 4142 pilis

222 4148 359 4233 Agmina
372 4167 429 4211 nec
444 4147 543 4210 fracta
557 4151 719 4229 pereuntes
735 4143 858 4227 cuspide
875 4144 978 4209 Gallos

223 4235 291 4300 Aut
305 4234 434 4298 labentis
449 4254 527 4316 equo
542 4232 694 4296 describat
709 4231 836 4294 vulnera
850 4231 991 4295 Parthi.”
1239 4256 1270 4306 15

224 4323 405 4385 “Attamen
420 4328 452 4383 et
460 4321 578 4405 justum
614 4328 714 4383 oteras
729 4325 761 4381 et
775 4317 907 4382 scribere
922 4319 1042 4398 fortem,
1314 4315 1317 4321 ’

226 4406 398 4493 Scipiadem
413 4414 449 4469 ut
462 4406 582 4488 sapiens
593 4342 764 4469 iuciliuffl
809 4404 936 4469 “Haud
951 4405 1023 4468 mihi
1038 4404 1130 4472 deero

225 4494 304 4560 (lum
318 4516 368 4558 res
382 4494 448 4577 ipsa
461 4493 551 4555 feret.
596 4492 666 4556 Nisi
680 4493 787 4556 dextm
802 4498 936 4575 tempore
955 4491 1060 4557 Flacci

224 4581 331 4646 Verba
345 4601 400 4664 per
415 4585 564 4642 attentam
579 4600 637 4641 non
652 4579 740 4641 ibunt
752 4577 891 4642 Caesaris
906 4599 1023 4654 aurem,

226 4666 285 4734 Oui
298 4667 375 4729 male
391 4664 416 4728 si
432 4665 554 4748 palpere
570 4665 742 4727 recalcitrat
757 4666 890 4750 undique
906 4664 1021 4728 tutus.'’
1239 4687 1272 4738 m

225 4759 247 4793 “
259 4751 508 4829 Quantosectius
521 4750 579 4814 hoo
594 4769 685 4834 quam
701 4749 781 4811 tristi
794 4752 915 4816 laedere
932 4772 1023 4815 versu

225 4835 436 4906 Pantolabum
449 4857 588 4902 scurram
603 4834 887 4921 Nomentanumque
900 4848 1048 4923 nepotem,
