2900 6042
1000 1438 1131 1485 mn.
1178 1438 1283 1484 111.
1333 1437 1531 1483 cnm.
1580 1436 1703 1483 ΧΠ.
2310 1415 2392 1482 65

657 1591 827 1668 Quae
857 1600 1103 1656 manent
1131 1594 1337 1676 culpas
1371 1592 1553 1656 etiam
1580 1592 1691 1656 sub
1722 1589 1906 1655 Orco.

548 1699 555 1705 ·
656 1679 911 1764 Impiae,
934 1713 1028 1757 —„
1043 1700 1183 1743 nam
1214 1679 1358 1762 quid
1387 1685 1638 1762 potuere
1667 1678 1860 1763 majus
1886 1676 1913 1740 ἲ
1938 1713 2022 1730 --
2330 1696 2394 1747 ao

656 1765 887 1850 Impiae
917 1786 1161 1849 sponsos
1192 1772 1439 1848 potuere
1472 1763 1623 1829 duro

996 1850 1262 1914 Perdere
1291 1851 1453 1931 ferr9
1481 1850 1495 1916 !
1651 1918 1657 1925 ,

656 1935 804 2001 Una
832 1936 906 1998 de
941 1937 1141 1999 multis
1195 1938 1326 2000 face
1356 1935 1608 2020 nuptiali

655 2022 859 2106 Digna
908 2023 1216 2107 perjurum
1245 2023 1360 2085 fuit
1387 2023 1451 2085 in
1481 2028 1793 2106 parentem

660 2107 986 2194 Splendide
1017 2109 1276 2172 mendax
1328 2115 1391 2170 et
1419 2109 1482 2170 in
1512 2129 1684 2171 omne
1715 2108 1886 2190 virgo
2329 2123 2394 2174 85

998 2193 1232 2258 Nobilis
1262 2215 1503 2273 aevum,

658 2276 879 2362 Surge,
911 2300 1066 2362 quae
1098 2280 1248 2343 dixit
1271 2281 1485 2364 juveni
1513 2280 1752 2359 maritO,

656 2362 877 2448 Surge,
908 2386 985 2428 ne
1015 2366 1227 2447 longus
1256 2366 1365 2428 tibi
1394 2387 1657 2446 somnus,
1685 2364 1847 2427 unde

653 2450 797 2515 Non
825 2452 1023 2530 times,
1053 2450 1272 2528 detur3
1327 2471 1602 2514 socerum
1629 2458 1693 2514 et
1720 2451 2006 2514 scelestas

994 2535 1162 2599 Falle
1192 2556 1446 2615 sorores,
2326 2550 2392 2601 4⁰

656 2618 828 2694 Quae
882 2620 1050 2685 velut
1075 2628 1292 2685 nactae
1323 2621 1541 2685 vitulos
1566 2621 1816 2684 leaenae

658 2704 940 2790 Singulos
971 2708 1130 2771 eheu
1159 2707 1434 2771 lacerant
1460 2730 1475 2770 τ
1525 2723 1641 2791 ego
1669 2705 1786 2770 illis

650 2790 892 2857 Mollior
917 2813 1030 2856 nee
1062 2800 1122 2856 te
1151 2793 1364 2856 feriam
1414 2812 1613 2876 neque
1642 2791 1805 2870 intra

998 2876 1277 2941 Claustra
1305 2879 1542 2941 tenebo.

653 2960 761 3027 Me
832 2969 966 3027 ater
993 2964 1190 3027 saevis
1219 2971 1429 3028 oneret
1459 2962 1689 3028 eatenis
2184 3001 2212 3012 -
2322 2979 2391 3031 45

655 3047 788 3123 Quo
863 3050 987 3113 viro
1017 3050 1279 3113 clemens
1308 3050 1525 3113 misero
1553 3046 1843 3133 peperci:

652 3131 760 3199 Me
789 3135 888 3199 vel
916 3141 1212 3199 extremos
1244 3134 1646 3200 Numidarum
1673 3135 1738 3199 in
1766 3151 1944 3219 agros

994 3220 1201 3285 Classe
1232 3222 1485 3305 releget.

575 3385 584 3396 ·
649 3303 688 3369 I
737 3304 923 3390 pedes
952 3327 1070 3390 quo
1101 3314 1161 3370 te
1193 3308 1436 3390 rapiunt
1465 3313 1531 3371 et
1556 3326 1740 3370 aurae

653 3389 817 3455 Dum
844 3383 1013 3456 favet
1037 3414 1157 3456 nox
1186 3400 1250 3456 et
1277 3392 1514 3471 Venus,
1553 3393 1575 3457 i
1608 3389 1875 3458 seeundo
2322 3409 2388 3460 5⁰
2433 3455 2441 3463 .

656 3474 871 3541 Omine
925 3484 990 3540 et
1015 3479 1205 3541 nostri
1231 3500 1555 3542 memorem
1582 3479 1860 3564 sepulcro

995 3561 1213 3649 Scalpe
1245 3564 1572 3649 querelam.

840 4078 856 4094 ·
981 3989 1444 4055 GARMEN
1501 3988 1715 4057 KH.

393 4329 799 4396 MISERARUM
830 4338 923 4396 est
972 4354 1170 4417 neque
1201 4333 1387 4396 amori
1413 4333 1560 4398 dare
1588 4333 1799 4398 ludum
1847 4356 2046 4420 neque
2078 4335 2241 4400 dulei

394 4416 565 4482 Mala
598 4420 735 4484 vino
762 4419 988 4498 lavere,
1019 4426 1125 4482 aut
1154 4420 1481 4481 exanimari
1510 4426 1848 4484 metuentes
1996 4423 1999 4428 ’

736 4504 1000 4566 Patruae
1032 4505 1285 4566 verbera
1312 4504 1575 4585 linguae.

387 4588 522 4653 Tibi
551 4587 1164 4672 qualumCythereae
1196 4609 1349 4672 puer
1377 4590 1524 4667 ales„
1554 4589 1659 4652 tibi
1692 4590 1844 4653 telas

399 4672 824 4761 Operosaeque
855 4674 1168 4737 Minervae
1198 4673 1464 4737 studium
1492 4675 1713 4757 aufert,
1742 4674 1806 4738 N
1809 4673 2042 4758 eobule,
2352 4693 2390 4747 ε

742 4758 1021 4844 Liparaei
1049 4761 1211 4823 nitor
1241 4758 1461 4835 Hebri,

399 4843 591 4910 Simul
616 4852 829 4910 unctos
859 4845 1150 4908 Tiberinis
1178 4845 1458 4910 humeros
1486 4844 1635 4909 lavit
1654 4843 1718 4908 in
1745 4844 1945 4926 undis,

395 4929 604 5016 Eques
631 4931 759 5016 ipso
787 4928 1512 5079 meliorGBellerophonte,
1542 4950 1741 5016 neque
1771 4953 1972 5016 pugno
