2900 6042
625 1309 801 1358 channen!

520 1630 748 1700 CARMEN
776 1629 904 1698 XXV.

409 1974 477 2051 Quo
492 1997 552 2055 me,
566 1973 700 2053 Bacche,
715 1973 796 2058 rapis
811 1972 857 2037 tui
1050 2042 1053 2047 ,

363 2060 514 2127 Plenuml
537 2081 615 2144 quae
630 2080 753 2123 nemora
767 2065 821 2123 aut
836 2080 911 2143 quos
926 2079 1001 2144 agor
1014 2058 1047 2124 in
1060 2078 1171 2147 moue

407 2146 508 2212 Velox
521 2152 621 2207 mente
637 2143 738 2208 nova?
760 2144 868 2227 quibua

363 2232 471 2297 Annis
486 2230 601 2313 egregii
618 2229 757 2293 Caesaris
771 2229 879 2293 audiar

406 2317 576 2380 Aeternum
589 2313 738 2377 meditans
753 2313 846 2378 decus

365 2401 470 2467 stellis
484 2401 618 2464 inserere
634 2406 666 2463 et
680 2398 801 2463 consilio
814 2399 838 2462 J
838 2396 925 2463 crisi

408 2487 516 2551 Dicam
530 2486 647 2568 insigne
674 2504 781 2548 recens
807 2484 906 2549 adhuc

362 2571 515 2638 Indicium
531 2592 582 2634 oro
598 2570 665 2633 alio.
710 2568 783 2632 Non
797 2589 885 2634 secus
897 2569 930 2633 in
938 2568 1024 2656 jugie

408 2656 566 2721 Exeomnie
580 2661 683 2739 stupet
697 2653 792 2718 Euiae

365 2742 506 2807 Hebrum
520 2740 703 2825 prospiciens
719 2746 751 2802 et
764 2740 833 2803 nive
848 2738 1008 2805 candidam

411 2827 550 2891 Thracen
566 2847 601 2888 ac
617 2825 694 2910 pede
708 2825 836 2888 barbaro

364 2911 538 2978 Lustratum
552 2910 731 2995 Rhodopen,
745 2916 781 2973 nt
794 2909 868 2973 mihi
882 2909 971 2976 devio

409 2997 504 3080 Ripae
519 3003 551 3059 eb
564 3017 693 3060 vacuum
707 3015 813 3059 nemus

365 3079 475 3147 aaran
488 3081 572 3144 libet.
619 3080 646 3144 O
662 3080 816 3144 Naiadum
827 3087 935 3164 potens

409 3165 659 3250 Baccharumque
674 3165 838 3230 valentium

366 3250 515 3316 Procerae
529 3252 666 3315 manibus
680 3257 800 3315 vertere
814 3249 958 3336 fraxinos,

409 3336 463 3400 Nil
477 3357 603 3421 parvum
617 3343 672 3400 aut
685 3336 789 3400 humili
803 3337 903 3417 modo,

366 3421 421 3487 Nil
434 3422 560 3487 mortale
574 3422 690 3506 loquar.
736 3421 835 3486 Dulce
849 3420 1016 3507 periculum
1030 3425 1088 3504 eei,

410 3505 438 3572 Ο
454 3508 586 3585 Lenaee,
601 3507 688 3591 sequi
703 3505 795 3570 deum

366 3591 545 3679 cingentem
560 3593 649 3658 viridi
663 3589 963 3677 empoapampino.
1206 3611 1240 3662 ao

506 4016 735 4084 chanun
765 4016 928 4086 xxv1.
998 3986 1001 3992 ’

365 4357 451 4424 V1xt
465 4357 571 4441 puellis
586 4382 684 4445 nuper
697 4360 824 4425 idonens

366 4444 409 4510 Ec
423 4444 549 4508 militavi
562 4468 622 4510 non
636 4448 700 4512 sine
716 4448 829 4530 gloria3

408 4528 500 4595 Nunc
516 4551 600 4595 arma
614 4533 852 4617 defunctumque
865 4531 944 4597 bello

451 4615 596 4681 Barbiton
608 4619 657 4683 hic
673 4620 771 4704 paries
786 4618 919 4698 habebit,

366 4699 500 4765 Laevum
516 4705 649 4768 marinae
664 4705 717 4788 qui
732 4704 862 4770 Veneris
876 4706 957 4770 latua
1221 4722 1241 4773 ι

368 4783 515 4852 enubit.
561 4789 622 4854 Hic
648 4790 697 4854 bic
714 4792 816 4876 ponite
831 4791 933 4856 lucida
1153 4795 1156 4801 '
