<?xml version="1.0" encoding="UTF-8"?>
<!DOCTYPE html PUBLIC "-//W3C//DTD XHTML 1.0 Transitional//EN"
    "http://www.w3.org/TR/xhtml1/DTD/xhtml1-transitional.dtd">
<html xmlns="http://www.w3.org/1999/xhtml" xml:lang="en" lang="en">
 <head>
  <title>
</title>
<meta http-equiv="Content-Type" content="text/html;charset=utf-8" />
  <meta name='ocr-system' content='tesseract 3.04.00' />
  <meta name='ocr-capabilities' content='ocr_page ocr_carea ocr_par ocr_line ocrx_word'/>
</head>
<body>
  <div class='ocr_page' id='page_1' title='image "./workshoracewith00beckgoog/workshoracewith00beckgoog_0226.png"; bbox 0 0 2900 6042; ppageno 0'>
   <div class='ocr_carea' id='block_1_1' title="bbox 188 598 2618 1258">
    <p class='ocr_par' dir='ltr' id='par_1_1' title="bbox 188 598 2618 1258">
     <span class='ocr_line' id='line_1_1' title="bbox 188 598 2618 1258; baseline 0 4784"><span class='ocrx_word' id='word_1_1' title='bbox 188 598 2618 1258; x_wconf 95' lang='lat' dir='ltr'><strong> </strong></span> 
     </span>
    </p>
   </div>
   <div class='ocr_carea' id='block_1_2' title="bbox 1120 1491 2482 1558">
    <p class='ocr_par' dir='ltr' id='par_1_2' title="bbox 1120 1491 2482 1558">
     <span class='ocr_line' id='line_1_2' title="bbox 1120 1491 2482 1558; baseline -0.001 -1"><span class='ocrx_word' id='word_1_2' title='bbox 1120 1511 1251 1557; x_wconf 77' lang='lat' dir='ltr'><strong>mn.</strong></span> <span class='ocrx_word' id='word_1_3' title='bbox 1299 1510 1348 1557; x_wconf 89' lang='lat'><strong>1.</strong></span> <span class='ocrx_word' id='word_1_4' title='bbox 1401 1510 1598 1558; x_wconf 73' lang='lat' dir='ltr'><strong>srtsr.</strong></span> <span class='ocrx_word' id='word_1_5' title='bbox 1646 1509 1760 1558; x_wconf 84' lang='lat' dir='ltr'><strong>xx.</strong></span> <span class='ocrx_word' id='word_1_6' title='bbox 2355 1491 2482 1557; x_wconf 81' lang='lat'><strong>209</strong></span> 
     </span>
    </p>
   </div>
   <div class='ocr_carea' id='block_1_3' title="bbox 406 1663 2485 3387">
    <p class='ocr_par' dir='ltr' id='par_1_3' title="bbox 407 1663 1804 1750">
     <span class='ocr_line' id='line_1_3' title="bbox 407 1663 1804 1750; baseline -0.001 -20"><span class='ocrx_word' id='word_1_7' title='bbox 407 1663 635 1741; x_wconf 81' lang='lat' dir='ltr'><strong>Quodsi</strong></span> <span class='ocrx_word' id='word_1_8' title='bbox 677 1688 797 1732; x_wconf 92' lang='lat' dir='ltr'><strong>non</strong></span> <span class='ocrx_word' id='word_1_9' title='bbox 837 1666 971 1731; x_wconf 91' lang='lat' dir='ltr'><strong>odio</strong></span> <span class='ocrx_word' id='word_1_10' title='bbox 1002 1666 1308 1750; x_wconf 81' lang='lat' dir='ltr'><strong>peccantis</strong></span> <span class='ocrx_word' id='word_1_11' title='bbox 1336 1665 1559 1749; x_wconf 77' lang='lat' dir='ltr'><strong>desipit</strong></span> <span class='ocrx_word' id='word_1_12' title='bbox 1587 1686 1804 1750; x_wconf 84' lang='lat' dir='ltr'><strong>augur,</strong></span> 
     </span>
    </p>

    <p class='ocr_par' dir='ltr' id='par_1_4' title="bbox 407 1751 2483 1921">
     <span class='ocr_line' id='line_1_4' title="bbox 407 1751 2483 1829; baseline 0.001 -13"><span class='ocrx_word' id='word_1_13' title='bbox 407 1751 602 1817; x_wconf 85' lang='lat' dir='ltr'><strong>Carus</strong></span> <span class='ocrx_word' id='word_1_14' title='bbox 631 1753 748 1817; x_wconf 87' lang='lat' dir='ltr'><strong>eris</strong></span> <span class='ocrx_word' id='word_1_15' title='bbox 779 1753 1004 1817; x_wconf 80' lang='lat' dir='ltr'><strong>Romae</strong></span> <span class='ocrx_word' id='word_1_16' title='bbox 1058 1752 1248 1816; x_wconf 90' lang='lat' dir='ltr'><strong>donec</strong></span> <span class='ocrx_word' id='word_1_17' title='bbox 1278 1759 1339 1815; x_wconf 90' lang='lat' dir='ltr'><strong>te</strong></span> <span class='ocrx_word' id='word_1_18' title='bbox 1371 1751 1612 1815; x_wconf 85' lang='lat' dir='ltr'><strong>deserat</strong></span> <span class='ocrx_word' id='word_1_19' title='bbox 1640 1759 1809 1815; x_wconf 84' lang='lat' dir='ltr'><strong>aetas</strong></span> <span class='ocrx_word' id='word_1_20' title='bbox 1835 1771 1853 1829; x_wconf 91' lang='lat'>;</span> <span class='ocrx_word' id='word_1_21' title='bbox 2422 1769 2483 1819; x_wconf 85' lang='grc' dir='ltr'><strong>ιο</strong></span> 
     </span>
     <span class='ocr_line' id='line_1_5' title="bbox 407 1835 1834 1921; baseline 0 -21"><span class='ocrx_word' id='word_1_22' title='bbox 407 1835 830 1903; x_wconf 76' lang='lat' dir='ltr'><strong>contrectatus</strong></span> <span class='ocrx_word' id='word_1_23' title='bbox 859 1839 959 1902; x_wconf 89' lang='lat' dir='ltr'><strong>ubi</strong></span> <span class='ocrx_word' id='word_1_24' title='bbox 991 1838 1260 1902; x_wconf 82' lang='lat' dir='ltr'><strong>manibus</strong></span> <span class='ocrx_word' id='word_1_25' title='bbox 1289 1838 1637 1901; x_wconf 88' lang='lat' dir='ltr'><strong>sordescere</strong></span> <span class='ocrx_word' id='word_1_26' title='bbox 1670 1837 1834 1921; x_wconf 85' lang='lat' dir='ltr'><strong>vulgi</strong></span> 
     </span>
    </p>

    <p class='ocr_par' dir='ltr' id='par_1_5' title="bbox 407 1922 1951 2008">
     <span class='ocr_line' id='line_1_6' title="bbox 407 1922 1951 2008; baseline -0.001 -20"><span class='ocrx_word' id='word_1_27' title='bbox 407 1922 714 2008; x_wconf 86' lang='lat' dir='ltr'><strong>Coeperis‚</strong></span> <span class='ocrx_word' id='word_1_28' title='bbox 747 1932 854 1988; x_wconf 81' lang='lat' dir='ltr'><strong>aut</strong></span> <span class='ocrx_word' id='word_1_29' title='bbox 882 1926 1075 1989; x_wconf 88' lang='lat' dir='ltr'><strong>tineas</strong></span> <span class='ocrx_word' id='word_1_30' title='bbox 1103 1945 1312 2008; x_wconf 67' lang='lat' dir='ltr'><strong>pasces</strong></span> <span class='ocrx_word' id='word_1_31' title='bbox 1343 1923 1676 1987; x_wconf 79' lang='lat' dir='ltr'><strong>taciturnus</strong></span> <span class='ocrx_word' id='word_1_32' title='bbox 1703 1923 1951 2002; x_wconf 89' lang='lat' dir='ltr'><strong>inertes,</strong></span> 
     </span>
    </p>

    <p class='ocr_par' dir='ltr' id='par_1_6' title="bbox 406 2007 2056 2095">
     <span class='ocr_line' id='line_1_7' title="bbox 406 2007 2056 2095; baseline -0.001 -23"><span class='ocrx_word' id='word_1_33' title='bbox 406 2012 539 2073; x_wconf 91' lang='lat' dir='ltr'><strong>Aut</strong></span> <span class='ocrx_word' id='word_1_34' title='bbox 565 2011 764 2095; x_wconf 80' lang='lat' dir='ltr'><strong>fugies</strong></span> <span class='ocrx_word' id='word_1_35' title='bbox 794 2010 1037 2076; x_wconf 79' lang='lat' dir='ltr'><strong>Uticam</strong></span> <span class='ocrx_word' id='word_1_36' title='bbox 1088 2018 1196 2074; x_wconf 84' lang='lat' dir='ltr'><strong>aut</strong></span> <span class='ocrx_word' id='word_1_37' title='bbox 1221 2010 1457 2073; x_wconf 88' lang='lat' dir='ltr'><strong>vinctus</strong></span> <span class='ocrx_word' id='word_1_38' title='bbox 1485 2009 1739 2073; x_wconf 88' lang='lat' dir='ltr'><strong>mitteris</strong></span> <span class='ocrx_word' id='word_1_39' title='bbox 1769 2007 2056 2074; x_wconf 75' lang='lat' dir='ltr'><strong>Ilerdam.</strong></span> 
     </span>
    </p>

    <p class='ocr_par' dir='ltr' id='par_1_7' title="bbox 410 2095 1685 2175">
     <span class='ocr_line' id='line_1_8' title="bbox 410 2095 1685 2175; baseline 0 -16"><span class='ocrx_word' id='word_1_40' title='bbox 410 2096 653 2160; x_wconf 88' lang='lat' dir='ltr'><strong>Ridebit</strong></span> <span class='ocrx_word' id='word_1_41' title='bbox 682 2097 933 2161; x_wconf 88' lang='lat' dir='ltr'><strong>monitor</strong></span> <span class='ocrx_word' id='word_1_42' title='bbox 960 2119 1080 2161; x_wconf 89' lang='lat' dir='ltr'><strong>non</strong></span> <span class='ocrx_word' id='word_1_43' title='bbox 1111 2096 1450 2175; x_wconf 73' lang='lat' dir='ltr'><strong>exaudime,</strong></span> <span class='ocrx_word' id='word_1_44' title='bbox 1482 2104 1552 2159; x_wconf 93' lang='lat' dir='ltr'><strong>ut</strong></span> <span class='ocrx_word' id='word_1_45' title='bbox 1585 2095 1685 2159; x_wconf 87' lang='lat' dir='ltr'><strong>ille</strong></span> 
     </span>
    </p>

    <p class='ocr_par' dir='ltr' id='par_1_8' title="bbox 406 2181 2482 2353">
     <span class='ocr_line' id='line_1_9' title="bbox 406 2181 2482 2268; baseline 0.001 -23"><span class='ocrx_word' id='word_1_46' title='bbox 406 2181 524 2256; x_wconf 81' lang='lat' dir='ltr'><strong>Qui</strong></span> <span class='ocrx_word' id='word_1_47' title='bbox 553 2184 709 2246; x_wconf 84' lang='lat' dir='ltr'><strong>male</strong></span> <span class='ocrx_word' id='word_1_48' title='bbox 740 2190 1049 2268; x_wconf 86' lang='lat' dir='ltr'><strong>parentem</strong></span> <span class='ocrx_word' id='word_1_49' title='bbox 1080 2183 1140 2246; x_wconf 93' lang='lat' dir='ltr'><strong>in</strong></span> <span class='ocrx_word' id='word_1_50' title='bbox 1170 2203 1349 2266; x_wconf 87' lang='lat' dir='ltr'><strong>rupes</strong></span> <span class='ocrx_word' id='word_1_51' title='bbox 1381 2181 1671 2266; x_wconf 83' lang='lat' dir='ltr'><strong>protrusit</strong></span> <span class='ocrx_word' id='word_1_52' title='bbox 1698 2181 1948 2246; x_wconf 86' lang='lat' dir='ltr'><strong>asellum</strong></span> <span class='ocrx_word' id='word_1_53' title='bbox 2420 2197 2482 2247; x_wconf 83' lang='lat'><strong>15</strong></span> 
     </span>
     <span class='ocr_line' id='line_1_10' title="bbox 411 2266 1881 2353; baseline -0.001 -22"><span class='ocrx_word' id='word_1_54' title='bbox 411 2266 650 2332; x_wconf 83' lang='lat' dir='ltr'><strong>Iratus:</strong></span> <span class='ocrx_word' id='word_1_55' title='bbox 697 2270 832 2353; x_wconf 86' lang='lat' dir='ltr'><strong>quis</strong></span> <span class='ocrx_word' id='word_1_56' title='bbox 860 2269 1019 2333; x_wconf 90' lang='lat' dir='ltr'><strong>enim</strong></span> <span class='ocrx_word' id='word_1_57' title='bbox 1048 2268 1299 2333; x_wconf 87' lang='lat' dir='ltr'><strong>invitum</strong></span> <span class='ocrx_word' id='word_1_58' title='bbox 1327 2289 1570 2332; x_wconf 86' lang='lat' dir='ltr'><strong>servare</strong></span> <span class='ocrx_word' id='word_1_59' title='bbox 1599 2266 1881 2333; x_wconf 82' lang='lat' dir='ltr'><strong>laboret?</strong></span> 
     </span>
    </p>

    <p class='ocr_par' dir='ltr' id='par_1_9' title="bbox 410 2352 2175 2439">
     <span class='ocr_line' id='line_1_11' title="bbox 410 2352 2175 2439; baseline 0 -22"><span class='ocrx_word' id='word_1_60' title='bbox 410 2353 543 2418; x_wconf 90' lang='lat' dir='ltr'><strong>Hoc</strong></span> <span class='ocrx_word' id='word_1_61' title='bbox 572 2375 691 2438; x_wconf 90' lang='lat' dir='ltr'><strong>quo</strong></span> <span class='ocrx_word' id='word_1_62' title='bbox 702 2377 809 2439; x_wconf 58' lang='lat' dir='ltr'><strong>{ue</strong></span> <span class='ocrx_word' id='word_1_63' title='bbox 842 2362 903 2419; x_wconf 86' lang='lat' dir='ltr'><strong>te</strong></span> <span class='ocrx_word' id='word_1_64' title='bbox 931 2363 1156 2435; x_wconf 83' lang='lat' dir='ltr'><strong>manet,</strong></span> <span class='ocrx_word' id='word_1_65' title='bbox 1185 2363 1256 2418; x_wconf 93' lang='lat' dir='ltr'><strong>ut</strong></span> <span class='ocrx_word' id='word_1_66' title='bbox 1283 2374 1501 2438; x_wconf 83' lang='lat' dir='ltr'><strong>pueros</strong></span> <span class='ocrx_word' id='word_1_67' title='bbox 1531 2353 1829 2417; x_wconf 84' lang='lat' dir='ltr'><strong>elementa</strong></span> <span class='ocrx_word' id='word_1_68' title='bbox 1857 2352 2175 2418; x_wconf 85' lang='lat' dir='ltr'><strong>docentem</strong></span> 
     </span>
    </p>

    <p class='ocr_par' dir='ltr' id='par_1_10' title="bbox 409 2438 1801 2524">
     <span class='ocr_line' id='line_1_12' title="bbox 409 2438 1801 2524; baseline -0.001 -21"><span class='ocrx_word' id='word_1_69' title='bbox 409 2438 685 2524; x_wconf 88' lang='lat' dir='ltr'><strong>Occupet</strong></span> <span class='ocrx_word' id='word_1_70' title='bbox 714 2441 996 2505; x_wconf 81' lang='lat' dir='ltr'><strong>extremis</strong></span> <span class='ocrx_word' id='word_1_71' title='bbox 1026 2441 1087 2504; x_wconf 93' lang='lat' dir='ltr'><strong>in</strong></span> <span class='ocrx_word' id='word_1_72' title='bbox 1118 2440 1265 2504; x_wconf 87' lang='lat' dir='ltr'><strong>vicis</strong></span> <span class='ocrx_word' id='word_1_73' title='bbox 1294 2441 1473 2502; x_wconf 85' lang='lat' dir='ltr'><strong>balba</strong></span> <span class='ocrx_word' id='word_1_74' title='bbox 1501 2446 1801 2502; x_wconf 88' lang='lat' dir='ltr'><strong>senectus.</strong></span> 
     </span>
    </p>

    <p class='ocr_par' dir='ltr' id='par_1_11' title="bbox 411 2523 1957 2611">
     <span class='ocr_line' id='line_1_13' title="bbox 411 2523 1957 2611; baseline -0.001 -22"><span class='ocrx_word' id='word_1_75' title='bbox 411 2523 568 2589; x_wconf 84' lang='lat' dir='ltr'><strong>Cum</strong></span> <span class='ocrx_word' id='word_1_76' title='bbox 614 2526 721 2589; x_wconf 81' lang='lat' dir='ltr'><strong>tibi</strong></span> <span class='ocrx_word' id='word_1_77' title='bbox 763 2527 851 2590; x_wconf 89' lang='lat' dir='ltr'><strong>sol</strong></span> <span class='ocrx_word' id='word_1_78' title='bbox 890 2527 1128 2611; x_wconf 87' lang='lat' dir='ltr'><strong>tepidus</strong></span> <span class='ocrx_word' id='word_1_79' title='bbox 1158 2527 1361 2611; x_wconf 86' lang='lat' dir='ltr'><strong>plures</strong></span> <span class='ocrx_word' id='word_1_80' title='bbox 1394 2524 1727 2589; x_wconf 81' lang='lat' dir='ltr'><strong>admoverit</strong></span> <span class='ocrx_word' id='word_1_81' title='bbox 1755 2544 1957 2604; x_wconf 88' lang='lat' dir='ltr'><strong>aures,</strong></span> 
     </span>
    </p>

    <p class='ocr_par' dir='ltr' id='par_1_12' title="bbox 408 2609 2483 2782">
     <span class='ocr_line' id='line_1_14' title="bbox 408 2609 2483 2696; baseline 0.001 -21"><span class='ocrx_word' id='word_1_82' title='bbox 408 2610 530 2690; x_wconf 81' lang='lat' dir='ltr'><strong>Me,</strong></span> <span class='ocrx_word' id='word_1_83' title='bbox 543 2612 819 2676; x_wconf 86' lang='lat' dir='ltr'><strong>libertino</strong></span> <span class='ocrx_word' id='word_1_84' title='bbox 849 2620 1058 2675; x_wconf 81' lang='lat' dir='ltr'><strong>natum</strong></span> <span class='ocrx_word' id='word_1_85' title='bbox 1086 2619 1259 2696; x_wconf 83' lang='lat' dir='ltr'><strong>patre</strong></span> <span class='ocrx_word' id='word_1_86' title='bbox 1291 2618 1355 2673; x_wconf 84' lang='lat' dir='ltr'><strong>et</strong></span> <span class='ocrx_word' id='word_1_87' title='bbox 1381 2611 1444 2672; x_wconf 87' lang='lat' dir='ltr'><strong>in</strong></span> <span class='ocrx_word' id='word_1_88' title='bbox 1474 2609 1642 2673; x_wconf 88' lang='lat' dir='ltr'><strong>tenui</strong></span> <span class='ocrx_word' id='word_1_89' title='bbox 1669 2630 1759 2692; x_wconf 87' lang='lat' dir='ltr'><strong>re,</strong></span> <span class='ocrx_word' id='word_1_90' title='bbox 2418 2626 2483 2677; x_wconf 76' lang='lat'><strong>20</strong></span> 
     </span>
     <span class='ocr_line' id='line_1_15' title="bbox 408 2694 1786 2782; baseline -0.001 -22"><span class='ocrx_word' id='word_1_91' title='bbox 408 2696 673 2782; x_wconf 85' lang='lat' dir='ltr'><strong>Majores</strong></span> <span class='ocrx_word' id='word_1_92' title='bbox 702 2719 932 2782; x_wconf 78' lang='lat' dir='ltr'><strong>pennas</strong></span> <span class='ocrx_word' id='word_1_93' title='bbox 960 2697 1101 2760; x_wconf 90' lang='lat' dir='ltr'><strong>nido</strong></span> <span class='ocrx_word' id='word_1_94' title='bbox 1131 2694 1471 2760; x_wconf 85' lang='lat' dir='ltr'><strong>extendisse</strong></span> <span class='ocrx_word' id='word_1_95' title='bbox 1503 2694 1786 2779; x_wconf 88' lang='lat' dir='ltr'><strong>loqueris,</strong></span> 
     </span>
    </p>

    <p class='ocr_par' dir='ltr' id='par_1_13' title="bbox 408 2779 1925 2867">
     <span class='ocr_line' id='line_1_16' title="bbox 408 2779 1925 2867; baseline -0.002 -20"><span class='ocrx_word' id='word_1_96' title='bbox 408 2782 498 2848; x_wconf 88' lang='lat' dir='ltr'><strong>Ut</strong></span> <span class='ocrx_word' id='word_1_97' title='bbox 527 2792 820 2867; x_wconf 81' lang='lat' dir='ltr'><strong>quantum</strong></span> <span class='ocrx_word' id='word_1_98' title='bbox 849 2783 1055 2866; x_wconf 84' lang='lat' dir='ltr'><strong>generi</strong></span> <span class='ocrx_word' id='word_1_99' title='bbox 1086 2784 1291 2846; x_wconf 85' lang='lat' dir='ltr'><strong>demas</strong></span> <span class='ocrx_word' id='word_1_100' title='bbox 1346 2781 1664 2845; x_wconf 84' lang='lat' dir='ltr'><strong>virtutibus</strong></span> <span class='ocrx_word' id='word_1_101' title='bbox 1692 2779 1882 2845; x_wconf 81' lang='lat' dir='ltr'><strong>addas</strong></span> <span class='ocrx_word' id='word_1_102' title='bbox 1907 2799 1925 2858; x_wconf 91' lang='lat'>;</span> 
     </span>
    </p>

    <p class='ocr_par' dir='ltr' id='par_1_14' title="bbox 410 2867 1789 2953">
     <span class='ocr_line' id='line_1_17' title="bbox 410 2867 1789 2953; baseline -0.001 -22"><span class='ocrx_word' id='word_1_103' title='bbox 410 2868 516 2931; x_wconf 92' lang='lat' dir='ltr'><strong>Me</strong></span> <span class='ocrx_word' id='word_1_104' title='bbox 547 2868 752 2953; x_wconf 90' lang='lat' dir='ltr'><strong>primis</strong></span> <span class='ocrx_word' id='word_1_105' title='bbox 776 2867 965 2932; x_wconf 85' lang='lat' dir='ltr'><strong>Urbis</strong></span> <span class='ocrx_word' id='word_1_106' title='bbox 982 2867 1123 2932; x_wconf 92' lang='lat' dir='ltr'><strong>belli</strong></span> <span class='ocrx_word' id='word_1_107' title='bbox 1144 2867 1435 2953; x_wconf 79' lang='lat' dir='ltr'><strong>placuisse</strong></span> <span class='ocrx_word' id='word_1_108' title='bbox 1468 2867 1744 2950; x_wconf 90' lang='lat' dir='ltr'><strong>domique</strong></span> <span class='ocrx_word' id='word_1_109' title='bbox 1771 2886 1789 2944; x_wconf 72' lang='grc' dir='ltr'><strong>ς</strong></span> 
     </span>
    </p>

    <p class='ocr_par' dir='ltr' id='par_1_15' title="bbox 412 2952 1863 3040">
     <span class='ocr_line' id='line_1_18' title="bbox 412 2952 1863 3040; baseline -0.001 -22"><span class='ocrx_word' id='word_1_110' title='bbox 412 2952 691 3038; x_wconf 85' lang='lat' dir='ltr'><strong>Corporis</strong></span> <span class='ocrx_word' id='word_1_111' title='bbox 720 2954 943 3037; x_wconf 87' lang='lat' dir='ltr'><strong>exigui,</strong></span> <span class='ocrx_word' id='word_1_112' title='bbox 972 2974 1356 3040; x_wconf 78' lang='lat' dir='ltr'><strong>praecanum,</strong></span> <span class='ocrx_word' id='word_1_113' title='bbox 1384 2953 1606 3018; x_wconf 87' lang='lat' dir='ltr'><strong>solibus</strong></span> <span class='ocrx_word' id='word_1_114' title='bbox 1634 2960 1863 3037; x_wconf 84' lang='lat' dir='ltr'><strong>aptum,</strong></span> 
     </span>
    </p>

    <p class='ocr_par' dir='ltr' id='par_1_16' title="bbox 409 3038 2485 3213">
     <span class='ocr_line' id='line_1_19' title="bbox 409 3038 2485 3124; baseline 0.001 -21"><span class='ocrx_word' id='word_1_115' title='bbox 409 3038 600 3103; x_wconf 83' lang='lat' dir='ltr'><strong>Irasci</strong></span> <span class='ocrx_word' id='word_1_116' title='bbox 630 3041 910 3120; x_wconf 88' lang='lat' dir='ltr'><strong>celerem,</strong></span> <span class='ocrx_word' id='word_1_117' title='bbox 939 3048 1141 3105; x_wconf 84' lang='lat' dir='ltr'><strong>tamen</strong></span> <span class='ocrx_word' id='word_1_118' title='bbox 1169 3047 1240 3104; x_wconf 91' lang='lat' dir='ltr'><strong>ut</strong></span> <span class='ocrx_word' id='word_1_119' title='bbox 1267 3040 1574 3124; x_wconf 82' lang='lat' dir='ltr'><strong>placabilis</strong></span> <span class='ocrx_word' id='word_1_120' title='bbox 1602 3060 1817 3105; x_wconf 87' lang='lat' dir='ltr'><strong>essem.</strong></span> <span class='ocrx_word' id='word_1_121' title='bbox 2418 3055 2485 3106; x_wconf 70' lang='lat'><strong>2⁸</strong></span> 
     </span>
     <span class='ocr_line' id='line_1_20' title="bbox 410 3124 1900 3213; baseline -0.001 -23"><span class='ocrx_word' id='word_1_122' title='bbox 410 3124 591 3190; x_wconf 86' lang='lat' dir='ltr'><strong>Forte</strong></span> <span class='ocrx_word' id='word_1_123' title='bbox 622 3147 822 3191; x_wconf 89' lang='lat' dir='ltr'><strong>meum</strong></span> <span class='ocrx_word' id='word_1_124' title='bbox 850 3127 901 3191; x_wconf 85' lang='lat' dir='ltr'><strong>si</strong></span> <span class='ocrx_word' id='word_1_125' title='bbox 930 3128 1065 3211; x_wconf 88' lang='lat' dir='ltr'><strong>quis</strong></span> <span class='ocrx_word' id='word_1_126' title='bbox 1095 3133 1156 3191; x_wconf 89' lang='lat' dir='ltr'><strong>te</strong></span> <span class='ocrx_word' id='word_1_127' title='bbox 1187 3126 1635 3213; x_wconf 82' lang='lat' dir='ltr'><strong>percontabitur</strong></span> <span class='ocrx_word' id='word_1_128' title='bbox 1662 3146 1900 3204; x_wconf 86' lang='lat' dir='ltr'><strong>aevum,</strong></span> 
     </span>
    </p>

    <p class='ocr_par' dir='ltr' id='par_1_17' title="bbox 411 3210 2015 3298">
     <span class='ocr_line' id='line_1_21' title="bbox 411 3210 2015 3298; baseline 0.002 -23"><span class='ocrx_word' id='word_1_129' title='bbox 411 3211 517 3276; x_wconf 83' lang='lat' dir='ltr'><strong>Me</strong></span> <span class='ocrx_word' id='word_1_130' title='bbox 548 3219 766 3296; x_wconf 86' lang='lat' dir='ltr'><strong>quater</strong></span> <span class='ocrx_word' id='word_1_131' title='bbox 794 3213 1063 3279; x_wconf 89' lang='lat' dir='ltr'><strong>undenos</strong></span> <span class='ocrx_word' id='word_1_132' title='bbox 1091 3212 1246 3279; x_wconf 83' lang='lat' dir='ltr'><strong>sciat</strong></span> <span class='ocrx_word' id='word_1_133' title='bbox 1272 3213 1610 3298; x_wconf 85' lang='lat' dir='ltr'><strong>implevisse</strong></span> <span class='ocrx_word' id='word_1_134' title='bbox 1642 3210 2015 3279; x_wconf 72' lang='lat' dir='ltr'><strong>Decembres</strong></span> 
     </span>
    </p>

    <p class='ocr_par' dir='ltr' id='par_1_18' title="bbox 413 3295 1857 3387">
     <span class='ocr_line' id='line_1_22' title="bbox 413 3295 1857 3387; baseline 0 -23"><span class='ocrx_word' id='word_1_135' title='bbox 413 3295 720 3384; x_wconf 78' lang='lat' dir='ltr'><strong>Collegam</strong></span> <span class='ocrx_word' id='word_1_136' title='bbox 747 3299 1044 3385; x_wconf 89' lang='lat' dir='ltr'><strong>Lepidum</strong></span> <span class='ocrx_word' id='word_1_137' title='bbox 1073 3322 1193 3387; x_wconf 89' lang='lat' dir='ltr'><strong>qno</strong></span> <span class='ocrx_word' id='word_1_138' title='bbox 1223 3299 1396 3364; x_wconf 83' lang='lat' dir='ltr'><strong>duxit</strong></span> <span class='ocrx_word' id='word_1_139' title='bbox 1423 3298 1649 3364; x_wconf 85' lang='lat' dir='ltr'><strong>Lollius</strong></span> <span class='ocrx_word' id='word_1_140' title='bbox 1678 3318 1857 3365; x_wconf 79' lang='lat' dir='ltr'><strong>anno.</strong></span> 
     </span>
    </p>
   </div>
   <div class='ocr_carea' id='block_1_4' title="bbox 1093 4305 1232 4375">
    <p class='ocr_par' dir='ltr' id='par_1_19' title="bbox 1093 4305 1232 4375">
     <span class='ocr_line' id='line_1_23' title="bbox 1093 4305 1232 4375; baseline -0.014 0"><span class='ocrx_word' id='word_1_141' title='bbox 1093 4305 1232 4375; x_wconf 84' lang='lat'><strong>18·</strong></span> 
     </span>
    </p>
   </div>
  </div>
 </body>
</html>
