2900 6042
1007 1464 1137 1509 mn.
1185 1463 1290 1510 111.
1339 1464 1538 1510 ezir-211.
1581 1465 1686 1510 111.
2290 1445 2375 1510 53

724 1618 919 1683 'sactu
946 1618 1201 1697 leonem,
1231 1640 1410 1702 quem
1441 1627 1695 1682 cruenta

809 1704 932 1767 Per
960 1704 1187 1767 medias
1217 1705 1376 1788 rapit
1402 1706 1496 1769 ira
1524 1704 1762 1769 caedes.

631 1789 828 1854 Dulce
853 1796 917 1853 et
941 1790 1224 1854 decorum
1256 1799 1348 1854 est
1377 1812 1485 1875 pro
1515 1792 1712 1874 patria.
1737 1789 1925 1854 mori:

636 1875 808 1940 Mors
837 1883 901 1939 et
928 1877 1207 1959 fugacem
1239 1877 1621 1961 persequitur
1649 1877 1866 1956 virum,

723 1961 862 2025 Nec
894 1962 1088 2045 parcit
1115 1962 1368 2026 imbellis
1387 1963 1680 2046 juventae
2316 1979 2379 2029 15

811 2046 1143 2132 Poplitibus
1172 2048 1499 2132 timidoque
1530 2054 1723 2131 tergo,

636 2131 853 2197 Virtus
902 2135 1180 2216 repulsae
1207 2135 1412 2197 nescia
1439 2134 1716 2198 sordidae

638 2217 1018 2283 Intaminatis
1045 2221 1241 2303 fulget
1267 2220 1610 2299 honoribus,

724 2304 862 2368 Nec
893 2306 1073 2368 sumit
1101 2313 1207 2368 aut
1237 2306 1404 2389 ponit
1431 2325 1675 2369 secures

809 2389 1082 2454 Arbitrio
1113 2392 1412 2474 popularis
1442 2412 1647 2455 aurae.
2314 2403 2381 2454 m

636 2474 853 2540 Virtus
904 2476 1223 2539 recludens
1251 2477 1560 2540 immeritis
1586 2475 1739 2539 mori

642 2559 893 2626 Caelum
943 2571 1166 2644 negata
1194 2567 1390 2624 tentat
1417 2562 1535 2625 iter
1564 2562 1685 2641 via,

730 2644 1073 2730 Coetusque
1101 2647 1387 2730 volgares
1415 2652 1479 2709 et
1508 2646 1691 2710 udam

813 2729 1060 2816 Spernit
1087 2733 1333 2795 humum
1360 2732 1635 2816 fugiente
1663 2749 1882 2818 penna.

641 2815 757 2881 Est
787 2823 852 2880 et
877 2817 1042 2881 fideli
1071 2824 1206 2883 tuta
1232 2818 1468 2882 silentio
2310 2835 2378 2888 z

638 2901 918 2967 Merces:
965 2903 1182 2967 vetabo
1226 2904 1332 2987 qui
1360 2902 1599 2967 Cereris
1627 2921 1867 2967 sacrum
1925 2919 1942 2937 ·

727 2987 1015 3071 Vulgarit
1043 3009 1297 3053 arcanae
1352 2990 1463 3052 sub
1492 2989 1685 3052 isdem

817 3073 912 3138 Sit
938 3074 1206 3139 trabibus
1257 3075 1610 3158 fragilemve
1639 3093 1877 3139 mecum

643 3157 853 3224 Solvat
879 3161 1164 3244 phaselon
1199 3182 1214 3239 ;
1292 3181 1474 3245 saepe
1504 3160 1813 3244 Diespiter

638 3244 976 3328 Neglectus
1003 3246 1232 3311 incesto
1262 3247 1497 3311 addidit
1523 3247 1867 3329 integrum:
2312 3262 2378 3314 30

725 3331 890 3395 Raro
919 3331 1376 3397 antecedentem
1398 3334 1721 3397 scelestum

811 3416 1098 3481 Deseruit
1126 3418 1280 3503 pede
1309 3418 1518 3483 Poena
1546 3417 1783 3483 claudo.

943 3846 1411 3918 CARMEN
1465 3844 1650 3911 ΙΙΙ.

637 4019 684 4084 J
685 4035 897 4084 usum
928 4025 992 4082 et
1019 4026 1296 4083 tenacem
1322 4017 1607 4102 propositi
1638 4017 1834 4082 virum

641 4105 707 4171 N
709 4126 785 4168 on
814 4104 1030 4169 civium
1061 4106 1240 4169 ardor
1267 4125 1455 4189 prava
1474 4104 1838 4188 jubentium,

725 4189 791 4255 N
791 4211 868 4255 on
903 4191 1098 4255 voltus
1127 4191 1404 4254 instantis
1432 4190 1675 4276 tyranni

811 4276 1022 4340 Mente
1054 4278 1248 4361 quatit
1276 4277 1489 4355 solida,
1518 4297 1717 4360 neque
1746 4273 1979 4341 Auster

637 4360 783 4426 Dux
810 4362 1062 4446 inquieti
1092 4363 1366 4427 turbidus
1396 4362 1697 4442 Hadriae,
2350 4376 2387 4428 5

640 4447 706 4512 'N
709 4468 778 4511 ec
809 4449 1174 4512 fulminantis
1203 4469 1424 4531 magna
1443 4468 1656 4511 manus
1684 4445 1729 4511 J
1730 4447 1895 4526 ovis3

735 4532 803 4598 Si
830 4533 1060 4596 fractus
1087 4534 1368 4596 illabatur
1396 4533 1556 4595 orbis

817 4618 1195 4702 Impavidum
1216 4619 1437 4681 ferient
1464 4618 1695 4680 ruinae.

644 4703 786 4770 Hac
818 4713 950 4769 arte
983 4704 1196 4768 Pollux
1231 4711 1294 4767 et
1322 4724 1512 4786 vagus
1541 4701 1844 4766 Hercules

650 4789 887 4856 Enisus·
907 4811 1078 4855 arces
1108 4789 1308 4873 attigit
1334 4789 1567 4873 igneas,
2323 4802 2387 4865 ιο

734 4875 900 4952 Quos
920 4876 1079 4941 inter
1105 4877 1425 4959 Augustus
1456 4873 1814 4945 recumbens,

990 4962 1315 5104 urepobibit
1342 4982 1444 5025 ore
1475 4967 1705 5025 nectar.
