2900 6042
964 1583 1095 1655 nni.
1144 1609 1192 1656 1.
1240 1609 1436 1655 cAnM.
1486 1611 1629 1657 XVI.

603 1759 853 1826 Sublimi
882 1760 1076 1844 fugies
1107 1764 1296 1826 mollis
1320 1764 1606 1838 anhelitu,

686 1847 750 1910 N
753 1867 828 1911 on
858 1848 969 1911 hoc
999 1850 1294 1933 pollicitus
1325 1858 1488 1914 tuae.

596 1932 902 1996 Iracunda
930 1935 1086 1998 diem
1119 1937 1383 2019 proferet
1413 1936 1525 2000 Ilio

596 2018 1009 2103 Matronisque
1044 2021 1354 2106 Phrygum
1386 2020 1591 2085 classis
1620 2020 1922 2101 Achille-‘13

594 2103 744 2168 Post
773 2116 970 2168 certas
999 2107 1224 2169 hiemes
1255 2119 1393 2170 uret
1420 2107 1735 2173 Achaicus

682 2190 853 2274 Ignis
882 2191 1102 2256 Iliacas
1133 2193 1356 2256 domos,

906 2616 1367 2710 GARMEN
1424 2617 1669 2684 XVI.

590 2962 647 3028 O
677 2977 896 3026 MATRE
926 2959 1178 3042 pulchra
1204 2959 1328 3022 filia
1359 2959 1686 3042 pulchrior,

592 3047 788 3123 Quem
820 3045 1148 3110 criminosis
1179 3065 1416 3128 cunque
1451 3047 1613 3110 voles
1640 3047 1885 3113 modum

673 3133 874 3198 Pones
901 3131 1133 3210 'iambiS‚
1163 3131 1287 3194 sive
1325 3132 1565 3195 flamma

763 3217 906 3282 Sive
935 3218 1087 3280 mari
1116 3217 1263 3280 libet
1291 3217 1626 3281 Hadriano.

588 3303 732 3369 Non
760 3302 1168 3387 Dindymene,
1196 3323 1317 3365 non
1347 3302 1547 3388 adytis
1577 3303 1774 3386 quatit

588 3388 863 3454 Mentem
890 3389 1268 3452 sacerdotum
1297 3388 1493 3452 incola
1521 3389 1805 3473 Pythius,

676 3474 822 3540 Non
850 3474 1033 3537 Liber
1063 3494 1280 3557 aeque,
1309 3496 1429 3537 non
1460 3482 1640 3538 acuta

713 3594 719 3598 ·
764 3559 866 3624 Sic
896 3560 1205 3644 geminant
1236 3559 1613 3645 Corybantes
1642 3580 1786 3623 aera

589 3646 818 3710 Tristes
845 3654 918 3708 ut
943 3646 1094 3728 irae,
1160 3666 1310 3728 quas
1338 3667 1537 3729 neque
1567 3645 1832 3710 Noricus

591 3732 882 3796 Deterret
909 3731 1067 3794 ensis
1119 3751 1231 3793 nec
1261 3753 1425 3793 mare
1456 3731 1817 3814 naufragum

675 3817 814 3883 Nec
843 3837 1059 3880 saevus
1091 3815 1247 3898 ignis
1291 3837 1403 3878 nec
1435 3816 1747 3879 tremendo

763 3902 808 3966 J
811 3902 1051 3986 uppiter
1079 3901 1209 3985 ipse
1241 3920 1425 3964 ruens
1457 3902 1738 3966 tumultu.

588 3988 814 4053 Fertur
842 3986 1262 4064 Prometheus,
1292 3986 1518 4048 addere
1550 3985 1804 4071 principi

588 4073 760 4138 Limo
791 4079 1035 4135 coactus
1065 4071 1419 4154 particulam
1448 4071 1716 4155 undique

675 4159 1026 4235 Desectam,
1050 4164 1115 4219 et
1142 4156 1335 4219 insani
1363 4157 1551 4221 leonis

762 4242 909 4308 Vim
938 4242 1242 4306 stomacho
1272 4243 1616 4327 apposuisse
1648 4247 1873 4306 nostro.

591 4328 733 4395 Irae
762 4328 1071 4414 Thyesten
1100 4328 1285 4392 exitio
1315 4330 1487 4411 gravi

593 4414 903 4494 Stravere,
925 4422 997 4485 ‚et
1026 4414 1164 4478 altis
1194 4415 1439 4479 urbibus
1469 4413 1715 4478 ultimae

681 4500 921 4566 Stetere
954 4521 1197 4579 causae,
1228 4522 1338 4563 cur
1368 4500 1637 4583 perirent

762 4586 1062 4649 Funditus
1114 4586 1600 4669 imprimeretque
1631 4583 1816 4647 muris

592 4671 831 4735 Hostile
860 4679 1130 4735 aratrum
1161 4671 1458 4734 exercitus
1486 4670 1766 4733 insolens.

592 4756 921 4840 Compesce
953 4762 1217 4819 mentem
1243 4775 1259 4818 ε
1304 4778 1400 4819 me
1431 4774 1670 4839 quoque
1701 4751 1963 4839 pectoris

678 4842 961 4907 Tentavit
987 4842 1051 4904 in
1082 4841 1242 4904 dulci
1261 4841 1518 4925 juventa

759 4928 990 4992 Fervor
1043 4934 1107 4990 et
1134 4927 1197 4990 in
1226 4927 1453 4991 celeres
1481 4925 1709 4991 iambos

591 5014 764 5080 Misit
789 5014 1089 5078 furentem
1114 5032 1133 5090 3
1221 5033 1382 5111 qunc
1414 5033 1526 5096 ego
1556 5011 1798 5076 mitibus

591 5099 836 5165 Mutare
867 5121 1092 5184 quaero
1119 5098 1337 5178 tlistla,
1367 5097 1512 5162 dum
1539 5097 1684 5162 mihi

2255 1595 2339 1661 15

2277 3755 2335 3805 10
