2900 6042
189 1271 253 1340 120
535 1358 538 1363 Ι
582 1283 837 1334 neocorensem

272 1443 310 1508 In
324 1464 408 1508 mare
424 1465 480 1510 sen
494 1446 592 1510 celsis
600 1443 780 1530 procurrerit
790 1445 982 1530 Apenninus,

313 1529 463 1614 Novoque
477 1539 610 1595 monstra
619 1532 756 1616 junxerit
768 1531 890 1596 libidine
1081 1578 1088 1590 .
1195 1558 1229 1611 ω

270 1612 368 1678 Mirus
380 1636 473 1697 amor,
483 1618 573 1701 juvet
586 1624 621 1679 ut
636 1618 729 1700 tigres
743 1617 899 1682 subsidere
914 1617 1023 1700 cumb,

312 1700 514 1766 Adulteratur
528 1709 560 1766 et
574 1703 710 1765 columba
723 1702 826 1781 miluo,

272 1783 404 1852 Credula
418 1809 475 1851 nec
490 1809 577 1852 ravos
592 1789 718 1850 timeant
732 1795 869 1851 armenta
882 1789 995 1870 leones,

310 1871 464 1956 Amctque
482 1873 564 1936 salsa
585 1873 660 1936 levis
680 1873 781 1935 hircus
797 1893 938 1956 aequora.

269 1955 357 2020 Haec
384 1967 417 2022 et
431 1979 508 2042 quae
525 1965 666 2042 poterunt
680 1958 795 2021 reditus
809 1959 985 2023 abscindere
999 1959 1103 2026 dulces
1192 1983 1227 2034 as

311 2041 423 2106 Eamus
438 2044 532 2106 omnis
547 2051 704 2106 exsecrata
721 2044 838 2122 civitas,

270 2124 337 2190 Aut
350 2150 420 2212 pars
434 2129 555 2192 indocili
569 2128 673 2191 melior
688 2148 803 2214 grege,
825 2129 921 2194 mollis
935 2136 967 2194 et
981 2150 1088 2216 exspes

313 2211 481 2278 Inominata
494 2215 659 2299 perprimat
674 2215 792 2290 cubilia,

269 2296 335 2361 Vos
362 2300 469 2382 quibus
484 2309 531 2364 est
545 2301 640 2363 virtus
667 2299 842 2362 muliebrem
856 2299 950 2362 tollite
968 2298 1082 2365 luctum

174 2450 178 2464 ,
313 2382 443 2449 Etrusca
456 2393 578 2469 praeter
592 2394 624 2448 et
637 2386 736 2448 volate
751 2385 849 2448 litora.

270 2467 336 2533 Nos
351 2477 453 2534 manet
469 2470 609 2535 Oceanus
624 2470 853 2552 circumvagos:
876 2489 961 2550 arva,
974 2469 1065 2537 beate

312 2555 457 2620 Petamus
472 2576 545 2620 arva
571 2555 679 2618 divites
694 2562 725 2618 et
740 2555 863 2634 insulas,

269 2641 384 2706 Reddit
397 2643 449 2705 ubi
464 2639 606 2706 Cererem
621 2641 710 2704 tellus
724 2640 842 2704 inarata
856 2639 1015 2724 quotannis

313 2727 356 2791 Et
369 2728 516 2811 imputata
528 2727 616 2790 floret
629 2747 723 2809 usque
739 2726 838 2804 vinea,

270 2812 429 2877 Germinat
442 2819 474 2876 et
488 2833 641 2895 nunquam
655 2813 785 2875 fallentis
800 2811 1033 2894 termes-olivas,
1130 2838 1135 2843 ·

314 2897 465 2981 Suamqne
480 2899 562 2982 pulla
576 2899 652 2961 ficus
667 2903 755 2961 ornat
769 2897 917 2977 arborem,

269 2983 364 3048 Mella
378 3004 453 3046 cava
467 2990 590 3046 manunt
604 3005 642 3046 ex
655 2983 735 3061 ilice,
749 2983 898 3047 montibus
912 2982 981 3048 altis

312 3068 402 3131 Levis
417 3076 560 3153 crepante
575 3069 697 3154 lympha
711 3069 811 3132 desilit
825 3068 914 3152 pede.

270 3152 336 3218 Illic
350 3154 479 3237 injussae
496 3155 620 3218 veniunt
634 3154 674 3218 ad
687 3154 816 3218 mulctra
830 3153 975 3237 capellae,

311 3238 478 3322 Refertque
495 3246 579 3304 tenta
593 3262 668 3322 grex
682 3239 795 3304 amicus
809 3239 925 3316 ubera3

268 3323 301 3389 N
303 3344 337 3388 ec
352 3326 539 3408 vespertinus
554 3325 762 3408 circumgemit
775 3345 863 3388 ursus
877 3324 966 3404 ovile,

310 3409 421 3493 Neque
436 3411 608 3475 intumescit
622 3412 700 3474 alma
715 3410 825 3494 viperis
839 3410 957 3473 humus.

268 3494 421 3579 Pluraque
437 3496 540 3560 felices
555 3497 748 3560 mirabimur:
771 3503 806 3558 ut
820 3516 918 3579 neque
933 3493 1026 3579 largis

310 3582 454 3666 Aquosus
469 3582 568 3646 Eurus
584 3602 658 3645 arva
671 3581 761 3644 radat
774 3581 929 3658 imbribus,

268 3665 398 3750 Pinguia
412 3689 468 3732 nec
484 3669 570 3732 siccis
585 3673 711 3730 urantur
726 3667 841 3731 semina
855 3665 962 3749 glebis,

311 3752 483 3837 Utrumque
498 3775 571 3836 rege
586 3759 773 3836 temperante
787 3753 938 3816 caelitum.

269 3836 340 3901 Non
354 3838 413 3902 huc
428 3839 532 3921 Argoo
547 3838 702 3902 contendit
716 3838 831 3920 remige
845 3838 945 3921 pinus,
1065 3892 1068 3898 .

313 3923 422 4005 Neque
438 3923 589 4005 impudica
604 3922 723 3987 Colchis
737 3922 840 3986 intulit
853 3922 974 4007 pedem,

269 4006 340 4071 Non
354 4008 413 4072 huc
431 4006 545 4071 Sidonii
561 4016 712 4072 torserunt
727 4029 841 4072 cornua
855 4015 966 4071 nautam

312 4092 473 4157 Laboriosa
486 4115 542 4157 nec
557 4095 662 4157 cohors
676 4093 790 4157 Ulixei.

269 4177 302 4241 N
303 4179 364 4242 ulla
378 4187 487 4243 nocent
501 4181 601 4263 pecori
618 4180 767 4262 contagia,
782 4179 893 4241 nullius
909 4176 983 4241 astri

313 4262 447 4347 Grcgem
461 4272 599 4329 aestuosa
614 4273 709 4328 torret
722 4264 908 4348 impotentia.

267 4348 291 4412 J
291 4350 389 4498 upiter
403 4344 456 4413 illa'
470 4351 535 4433 piae
551 4351 683 4415 secrevit
694 4351 784 4413 litora
796 4349 891 4432 genti,

344 4443 357 4497 t
370 4436 538 4520 inquinavit
552 4458 622 4500 sere
640 4443 756 4519 tempus
771 4452 916 4512 aureum;

268 4520 363 4598 Aere,
379 4522 486 4606 dehinc
501 4521 580 4585 ferro
595 4522 716 4585 duram
729 4521 852 4587 secula:
878 4537 1009 4604 quorum
1196 4537 1230 4588 ω

313 4605 376 4671 Piis
390 4608 524 4672 secunda
538 4615 606 4672 vate
622 4629 669 4672 me
685 4607 776 4673 datur
790 4608 874 4692 fuga.
