2900 6042
1176 1447 1305 1496 m.
1348 1446 1425 1498 11.
1472 1446 1608 1499 sA'r.
1653 1451 1775 1500 vn.
1889 1504 1893 1509 ,
2399 1437 2527 1506 175

1167 1697 1551 1765 SATIRA
1610 1699 1802 1768 VII.

420 1879 466 1913 ⁸⁸
486 1872 534 1940 J
536 1891 860 1939 AMDUDUM
891 1873 1164 1937 ausculto
1195 1879 1260 1937 et
1289 1873 1539 1958 cupiens
1571 1874 1676 1938 tibi
1709 1875 1911 1940 dicere
1942 1896 2154 1942 servus

423 1959 633 2026 Pauca
663 1960 1048 2024 reformido.”
1140 1964 1181 1996 ‘⁴
1209 1959 1600 2025 Davusne?''
1692 1967 1735 1999 ‘⁴
1763 1961 1887 2044 Ita,
1917 1963 2151 2045 Davus,
2182 1963 2441 2029 amicum

422 2046 798 2132 Mancipium
831 2046 1068 2111 domino
1097 2055 1162 2110 et
1190 2047 1351 2130 frugi
1383 2048 1546 2130 quod
1575 2048 1655 2112 sit
1683 2049 1853 2130 satis,
1882 2051 1996 2115 hoc
2028 2057 2145 2131 est,

421 2133 518 2199 Ut
547 2134 728 2199 vitale
760 2134 1006 2219 pute8.’'
1097 2139 1137 2171 ‘⁶
1163 2134 1328 2218 Age,
1359 2135 1641 2200 libertate
1673 2135 2024 2217 Decembri,

422 2218 678 2295 Quando
706 2221 796 2284 ita
825 2222 1083 2305 majores
1113 2221 1459 2301 voluerunt,
1488 2229 1705 2301 utere3
1740 2224 1985 2288 narra-’⁹
2490 2242 2523 2292 ε)

417 2311 461 2345 “
481 2307 635 2372 Pars
665 2308 970 2372 hominum
1004 2308 1163 2371 vitiis
1195 2308 1423 2391 gaudet
1453 2315 1805 2373 constanter
1834 2317 1899 2374 et
1927 2316 2109 2395 urget

418 2392 837 2479 Propositum;
886 2417 1030 2479 pars
1062 2395 1252 2457 multa
1283 2403 1478 2472 natat,
1506 2395 1684 2459 modo
1715 2403 1888 2462 recta
1917 2415 2265 2482 capessens,

418 2480 741 2545 Interdum
771 2482 974 2566 pravis
1005 2481 1277 2544 obnoxia.
1372 2479 1574 2565 Saepe
1603 2489 1849 2547 notatus

419 2566 575 2632 Cum
605 2568 798 2631 tribus
828 2568 1104 2647 annelliS,
1132 2566 1310 2631 modo
1338 2567 1516 2631 laeva
1545 2567 1793 2633 Priscus
1821 2567 2008 2649 inani,

417 2654 597 2718 Vixit
625 2655 983 2738 inaequalis,
1014 2655 1252 2718 clavum
1283 2661 1352 2717 ut
1381 2662 1645 2718 mutaret
1674 2654 1736 2718 in
1767 2655 1971 2736 horas,
2217 2692 2227 2700 ·
2466 2678 2527 2729 ιο

417 2740 698 2804 Aedibus
727 2762 803 2804 ex
833 2741 1068 2825 magnis
1098 2740 1294 2804 subito
1325 2760 1390 2804 se
1423 2741 1739 2817 conderet,
1771 2742 1933 2807 unde

417 2825 710 2891 Mundior
740 2828 934 2891 exiret
964 2827 1062 2891 vix
1093 2827 1409 2891 libertinus
1440 2828 1732 2907 honeste3

418 2913 462 2978 J
467 2935 563 2977 am
593 2914 878 2978 moechus
909 2915 1162 2994 Romae,
1183 2915 1316 2998 jam
1343 2915 1552 2978 mallet
1583 2915 1797 2979 doctus
1828 2915 2091 2982 Athenis

418 3001 676 3079 Vivere,
709 3000 1089 3082 Vertumnis,
1121 3008 1418 3086 quotquot
1446 3007 1612 3081 sunt,
1643 3011 1821 3066 natus
1851 3002 2089 3088 iniquis.

423 3086 653 3151 Scurra
682 3087 1072 3168 Volanerius,
1104 3096 1423 3173 postquam
1454 3089 1542 3153 illi
1562 3090 1734 3174 justa
1763 3090 2063 3175 cheragra.
2464 3103 2525 3152 ιε

420 3170 716 3241 Contudit
744 3176 1051 3254 articulos,
1083 3177 1187 3260 qui
1219 3198 1327 3260 pro
1356 3197 1422 3239 se
1455 3177 1697 3240 tolleret
1726 3185 1911 3261 atque

418 3259 701 3325 Mitteret
728 3262 793 3326 in
822 3263 1089 3347 phimum
1121 3264 1295 3342 talos,
1324 3263 1607 3328 mercede
1636 3265 1857 3328 diurna

419 3347 804 3412 Conductum
835 3351 1003 3433 pavit
1029 3371 1046 3421 ς
1093 3357 1321 3434 quanto
1352 3350 1724 3414 constantior
1751 3350 1946 3415 isdem

416 3434 496 3499 In
526 3436 711 3517 vitiis,
741 3442 910 3499 tanto
939 3437 1132 3500 levius
1162 3436 1345 3499 miser
1375 3457 1447 3499 ac
1481 3437 1644 3521 prior
1672 3438 1797 3516 illo,

419 3519 538 3596 Qui
558 3523 690 3608 jam
721 3530 1026 3601 contento,
1047 3525 1178 3609 jam
1206 3523 1343 3586 laxo
1372 3522 1521 3585 fune
1553 3523 1849 3587 laborat.”
2455 3542 2523 3594 πο

417 3611 462 3647 “
478 3609 620 3674 Non
651 3609 819 3673 dices
849 3609 1051 3687 hodie,
1082 3631 1368 3692 quorsum
1398 3609 1549 3672 haec
1582 3617 1707 3673 tam
1739 3609 1956 3693 putida
1983 3607 2262 3691 tendant,

415 3694 812 3762 Furcifer?'’
875 3700 946 3844 ἀί(
969 3696 1075 3758 Ad
1122 3704 1205 3774 te,
1251 3693 1571 3778 inquam.’'
1663 3699 1704 3732 “
1734 3694 1869 3770 Quo
1910 3704 2113 3783 pacto,
2155 3692 2518 3782 pessime?”

678 3783 871 3846 “Lau
917 3803 984 3844 as

415 3868 750 3933 Fortunam
783 3876 847 3931 et
876 3889 1072 3931 mores
1105 3867 1388 3951 antiquae
1421 3867 1635 3952 plebis,
1667 3876 1730 3932 et
1759 3869 1922 3933 idem

420 3953 489 4019 Si
520 3956 653 4041 quis
684 3954 764 4018 ad
796 3955 896 4018 illa
927 3954 1079 4018 deus
1109 3954 1307 4017 subito
1338 3964 1399 4018 te
1431 3962 1578 4037 agat
1606 3977 1799 4040 usque
1830 3977 2101 4036 recuses,

415 4040 554 4107 Aut
583 4041 727 4126 quia
756 4063 876 4105 non
908 4042 1094 4105 sentis
1125 4041 1545 4126 quod-clamas
1575 4044 1801 4106 rectius
1832 4064 1989 4121 esse,
2453 4061 2519 4111 25

416 4130 552 4193 Aut
580 4128 725 4214 quia
752 4150 870 4192 non
901 4129 1114 4191 firmus
1146 4136 1382 4192 rectum
1412 4127 1714 4209 defendis,
1746 4137 1810 4193 et
1837 4130 2058 4194 haeres

415 4214 481 4279 N
485 4217 846 4300 equiequam
877 4237 1064 4280 coeno
1096 4217 1345 4300 cupiens
1376 4216 1638 4279 evellere
1670 4217 1957 4301 plantam.

416 4302 645 4366 Romae
678 4325 782 4367 rus
812 4310 1007 4387 optas,
1039 4302 1350 4366 absentem
1381 4303 1644 4367 rusticus
1673 4304 1886 4367 urbem

416 4389 600 4453 'sollis
632 4389 708 4453 ad
740 4397 904 4453 ast-ra
934 4390 1100 4452 levis.
1196 4388 1263 4452 Si
1294 4410 1591 4473 nusquam
1623 4412 1688 4454 es
1717 4391 1873 4453 forte
1906 4394 2158 4454 vocatus

414 4476 523 4540 Ad
554 4497 803 4540 coenam
834 4476 1046 4540 laudas
1077 4498 1358 4539 securum
1389 4477 1520 4539 olus
1552 4498 1647 4556 ac,
1682 4478 1849 4540 velut
1880 4497 2138 4561 usquam
2213 4524 2220 4530 -
2452 4495 2518 4546 ³⁰

417 4562 682 4627 Vinctus
713 4584 840 4643 eas,
871 4563 958 4627 ita
990 4571 1050 4626 te
1081 4563 1321 4626 felicem
1352 4562 1505 4625 dicis
1536 4584 1823 4647 amasque

417 4646 599 4723 Quod
628 4670 924 4734 nusquam
954 4649 1063 4712 tibi
1092 4650 1171 4712 sit
1199 4649 1549 4733 potandum.
1640 4649 1686 4712 J
1689 4648 1909 4713 usserit
1938 4648 2018 4712 ad
2047 4668 2112 4713 se

416 4735 749 4800 Maecenas
779 4758 978 4800 serum
1011 4737 1122 4799 sub
1152 4736 1381 4799 lumina
1410 4736 1603 4819 prima
1635 4737 1839 4799 venire

419 4821 785 4890 Convivam:
836 4829 853 4860 ‘
875 4822 1115 4887 Nemon
1147 4824 1341 4887 oleum
1373 4823 1496 4886 felt
1526 4821 1739 4887 ocius?
1797 4821 2027 4906 Ecquis

417 4908 695 4975 Audit?’
729 4931 865 4974 cum
897 4932 1116 4994 magno
1146 4910 1411 4973 blateras
1442 4910 1703 4972 clamore
1736 4909 2032 4992 fingisque.
2450 4924 2517 4976 85

359 4990 364 4995 ⁸
416 4994 688 5062 Mulvius
719 5005 784 5062 et
811 5018 1055 5062 scurrae
1090 4997 1192 5060 tibi
1225 5020 1346 5061 non
1371 4995 1693 5060 referenda
1723 4997 1955 5083 precati
