2900 6042
1191 1451 1319 1500 m.
1364 1449 1440 1499 11.
1492 1449 1624 1500 sn.
1669 1450 1745 1498 11.
1916 1385 1920 1388 .
2380 1429 2508 1496 155

413 1604 638 1671 Militia
667 1612 973 1671 assuetum
1004 1606 1301 1690 graecari,
1332 1627 1441 1671 seu
1471 1605 1595 1691 pila
1622 1606 1799 1670 velox

414 1693 688 1759 Molliter
717 1700 1025 1757 austerum
1054 1691 1252 1757 studio
1275 1693 1523 1756 fallente
1553 1692 1841 1769 laborem,

418 1777 546 1844 Seu
575 1786 637 1842 te
672 1779 874 1843 discus
904 1780 1052 1862 agit,
1085 1787 1223 1862 pete
1257 1779 1574 1843 cedentem
1605 1782 1753 1842 aiira
1784 1778 1984 1856 disco;

417 1863 574 1929 Cum
601 1866 771 1929 labor
796 1865 1100 1928 extuderit
1127 1866 1392 1943 fastidia,
1422 1865 1642 1944 siccuS,
1670 1865 1865 1927 inanis

423 1948 657 2035 Sperne
691 1952 888 2015 cibum
919 1951 1134 2026 vilem3
1166 1952 1280 2015 nisi
1310 1951 1634 2035 Hymettia
1661 1951 1840 2013 mella
1869 1949 2129 2014 Falerno
2442 1967 2504 2017 15

419 2035 520 2100 Ne
551 2037 771 2101 biberis
802 2037 1012 2101 diluta.
1104 2036 1278 2102 Foris
1309 2045 1405 2101 est
1432 2057 1677 2121 promus
1707 2044 1772 2100 et
1802 2043 2001 2100 atrum

418 2121 772 2186 Defendens
801 2124 998 2207 pisces
1027 2122 1253 2187 hiemat
1281 2144 1479 2186 mare:
1531 2143 1667 2185 cum
1697 2123 1823 2185 sale
1855 2121 2026 2205 panis

416 2207 773 2274 Latrantem
803 2209 1174 2288 stomachum
1203 2210 1358 2272 bene
1388 2209 1596 2273 leniet.
1689 2207 1873 2271 Unde
1905 2215 2082 2291 putas
2112 2212 2221 2272 aut

408 2292 537 2368 Qui
567 2294 849 2379 partum?
939 2295 1003 2357 N
1005 2316 1082 2358 on
1112 2296 1172 2357 in
1204 2316 1345 2358 caro
1374 2294 1583 2357 nidore
1607 2294 1881 2376 voluptas

412 2377 662 2444 Summa
688 2380 798 2444 sed
825 2381 889 2443 in
919 2387 979 2443 te
1009 2381 1138 2464 ipso
1168 2388 1282 2443 est.
1374 2380 1469 2443 Tu
1498 2379 1899 2462 pulmentaria
1927 2398 2152 2462 quaere
2434 2395 2499 2444 20

411 2463 737 2542 Sudand03
784 2466 1069 2549 pinguem
1100 2465 1258 2529 vitiis
1289 2465 1610 2548 albumque
1640 2485 1837 2547 neque
1872 2472 2074 2528 ostrea

276 2598 285 2605 .
410 2548 550 2616 Nec
581 2571 791 2615 scarus
823 2559 930 2614 aut
959 2551 1183 2634 poterit
1211 2551 1534 2635 peregrina
1552 2551 1770 2633 juvare
1800 2549 2006 2632 lagois.

405 2635 536 2700 Vix
564 2644 769 2700 tamen
797 2637 1047 2719 eripiam
1079 2637 1272 2719 posito
1301 2656 1534 2720 pavone
1567 2635 1714 2698 velis
1744 2635 1891 2719 quin

403 2715 547 2785 Hoc
578 2723 776 2806 potius
806 2742 988 2806 quam
1019 2723 1243 2804 gallina
1271 2730 1513 2804 tergere
1545 2723 1832 2805 palatum,
2167 2795 2180 2807 ι

409 2804 749 2890 Corruptus
780 2808 948 2872 vanis
978 2828 1203 2886 rerum,
1234 2809 1377 2891 quia
1409 2814 1631 2871 veneat
1661 2828 1807 2871 auro
2429 2825 2494 2877 25

403 2890 576 2956 Rara
603 2893 732 2957 avis
762 2899 826 2957 et
855 2894 1016 2977 picta
1045 2894 1272 2978 pandat
1299 2895 1649 2978 spectacula
1679 2892 1905 2969 cauda3

396 2977 739 3062 Tamquam
769 2980 847 3043 ad
877 3001 1003 3042 rem
1034 2981 1290 3043 attineat
1319 2979 1666 3065 quidquam.
1761 2979 1928 3043 Num
1959 2979 2224 3044 vesceris
2251 2977 2371 3043 ista

404 3062 603 3138 Quam
633 3066 844 3129 laudas
875 3065 1119 3149 pluma?
1210 3065 1398 3130 Cocto
1428 3088 1573 3128 num
1603 3066 1779 3130 adest
1803 3066 1994 3131 honor
2022 3063 2233 3131 idem?

404 3147 605 3214 Carne
636 3159 837 3215 tamen
869 3153 1142 3235 quamvis
1172 3152 1360 3215 distat
1388 3153 1495 3231 nil,
1523 3153 1638 3217 hac
1668 3151 1861 3236 magis
1895 3153 2061 3217 illam

406 3234 746 3320 Imparibus
774 3238 979 3302 formis
1010 3238 1332 3322 deceptum
1363 3247 1422 3301 te
1456 3237 1695 3322 petere!
1786 3238 1974 3303 Esto:
2429 3259 2492 3310 ³0

404 3320 588 3386 Unde
619 3323 825 3387 datum
856 3325 1042 3388 sentis
1071 3325 1250 3408 lupus
1279 3325 1375 3388 hic
1405 3324 1726 3388 Tiberinus
1758 3344 1836 3388 an
1867 3326 1988 3390 alto

402 3405 632 3492 Captus
661 3409 808 3487 hiet,
841 3417 1127 3494 pontesne
1158 3411 1318 3474 inter
1336 3411 1607 3495 jactatus
1638 3431 1716 3474 an
1745 3411 1935 3475 amnis

401 3491 576 3557 Ostia
603 3495 716 3558 sub
749 3495 970 3559 Tusci?
1061 3496 1327 3574 Laudas,
1359 3497 1591 3575 insane,
1624 3496 1913 3560 trilibrem

401 3577 663 3643 Mullum
692 3581 756 3643 in
787 3582 1024 3665 singula
1054 3577 1236 3666 qu'em
1266 3570 1842 3665 minuas⁶pulmenta
1869 3603 2117 3646 necesse
2149 3589 2262 3647 est.

399 3660 588 3729 Ducit
619 3673 677 3730 te
709 3668 940 3750 species
971 3668 1182 3730 video:
1234 3689 1353 3751 quo
1383 3668 1649 3750 pertinet
1678 3688 1824 3749 ergo
2423 3689 2487 3738 35

397 3749 697 3816 Proceros
728 3753 924 3816 odisse
956 3752 1174 3836 lupos?
1267 3752 1424 3826 Quia
1455 3753 1690 3830 scilicet
1717 3753 1833 3817 illis

394 3835 696 3921 Majorem
726 3846 946 3900 natura
974 3838 1215 3901 medum
1245 3838 1436 3917 dedit,
1466 3839 1561 3902 his
1593 3839 1775 3902 breve
1808 3837 2063 3923 pondus.

392 3920 442 3987 J
443 3924 658 3986 e‘unus
687 3943 825 3986 raro
855 3924 1196 3987 stomachus
1230 3925 1497 4006 volgaria
1527 3925 1755 3987 temnit.

394 4012 434 4047 “
510 4020 811 4072 orrectum
844 4029 1062 4093 magno
1089 4031 1374 4094 magnum
1403 4020 1680 4095 spectare
1711 4010 1911 4075 catino
2375 4068 2380 4072 .

393 4092 705 4174 Vellem‚''
738 4094 826 4159 ait
857 4095 1148 4180 Harpyiis
1178 4098 1323 4179 gula
1352 4096 1539 4185 digna
1567 4097 1906 4180 rapacibus.
1995 4096 2092 4161 At
2119 4117 2249 4179 vos,
2421 4121 2485 4171 4ο

393 4178 758 4244 Praesentes
789 4182 1026 4260 Austri,
1058 4183 1295 4266 coquite
1327 4183 1538 4247 horum
1570 4182 1835 4262 obsonia,
1855 4220 1940 4232 —
1959 4204 2325 4270 quamquam

393 4264 584 4330 Putet
613 4287 760 4351 aper
790 4268 1192 4352 rhombusque
1224 4291 1460 4349 recena,
1493 4270 1649 4332 mala
1679 4270 1854 4353 copia
1885 4269 2127 4354 quando

390 4350 671 4435 Aegrum
700 4354 982 4417 sollicitat
1008 4356 1409 4434 stomachum,
1439 4376 1577 4418 cum
1607 4357 1821 4439 rapula
1851 4358 2064 4440 plenus

392 4436 601 4522 Atque
635 4439 845 4502 acidas
875 4430 1340 4504 mavolt‘inulas.
1376 4511 1399 4522 ,
1430 4441 1714 4506 Necdum
1743 4443 1933 4506 omnis
1967 4442 2183 4508 abacta

391 4521 727 4607 Pauperies
759 4526 950 4608 epulis
981 4546 1233 4609 regum3
1282 4547 1424 4589 nam
1457 4527 1673 4590 vilibus
1703 4526 1840 4591 ovis
2416 4551 2481 4601 45

391 4603 725 4694 Nigrisque
759 4621 851 4674 est
881 4612 1028 4675 oleis
1057 4611 1234 4674 hodie
1264 4612 1449 4675 locus.
1542 4611 1732 4675 Haud
1761 4612 1848 4678 ita
1877 4613 2112 4697 pridem
2156 4645 2161 4650 ·

392 4693 630 4760 Galloni
661 4697 977 4780 praeconis
1008 4707 1140 4760 erat
1169 4698 1519 4780 acipensere
1549 4718 1759 4762 mensa

391 4778 657 4846 Infamia.
750 4781 934 4862 Quid,
965 4790 1109 4847 tunc
1141 4784 1418 4847 rhombos
1446 4784 1644 4847 minus
1674 4804 1941 4869 aequora
1971 4785 2263 4854 alebant?

387 4865 580 4932 Tutus
610 4875 745 4933 erat
772 4869 1056 4934 rhombus
1087 4878 1336 4956 tutoque
1367 4869 1602 4933 ciconia
1628 4869 1770 4933 nido

340 4985 353 4994 ·
386 4950 596 5020 Donec
626 4974 734 5020 vos
757 4963 969 5022 auctor
996 4955 1202 5026 docuit
1229 4956 1583 5055 praetprius.
1675 4954 1844 5044 Ergo
2178 4995 2186 5002 -
2414 4986 2479 5035 5⁰
