<?xml version="1.0" encoding="UTF-8"?>
<!DOCTYPE html PUBLIC "-//W3C//DTD XHTML 1.0 Transitional//EN"
    "http://www.w3.org/TR/xhtml1/DTD/xhtml1-transitional.dtd">
<html xmlns="http://www.w3.org/1999/xhtml" xml:lang="en" lang="en">
 <head>
  <title>
</title>
<meta http-equiv="Content-Type" content="text/html;charset=utf-8" />
  <meta name='ocr-system' content='tesseract 3.04.00' />
  <meta name='ocr-capabilities' content='ocr_page ocr_carea ocr_par ocr_line ocrx_word'/>
</head>
<body>
  <div class='ocr_page' id='page_1' title='image "./workshoracewith00beckgoog_0202.png"; bbox 0 0 2900 6042; ppageno 0'>
   <div class='ocr_carea' id='block_1_1' title="bbox 188 598 2594 1200">
    <p class='ocr_par' dir='ltr' id='par_1_1' title="bbox 188 598 2594 1200">
     <span class='ocr_line' id='line_1_1' title="bbox 188 598 2594 1200; baseline 0 4842"><span class='ocrx_word' id='word_1_1' title='bbox 188 598 2594 1200; x_wconf 95' lang='lat' dir='ltr'><strong> </strong></span> 
     </span>
    </p>
   </div>
   <div class='ocr_carea' id='block_1_2' title="bbox 1097 1548 1696 1597">
    <p class='ocr_par' dir='ltr' id='par_1_2' title="bbox 1097 1548 1696 1597">
     <span class='ocr_line' id='line_1_2' title="bbox 1097 1548 1696 1597; baseline 0.002 -1"><span class='ocrx_word' id='word_1_2' title='bbox 1097 1550 1227 1596; x_wconf 83' lang='lat' dir='ltr'>LIB.</span> <span class='ocrx_word' id='word_1_3' title='bbox 1274 1550 1322 1596; x_wconf 92' lang='lat'><strong>1.</strong></span> <span class='ocrx_word' id='word_1_4' title='bbox 1372 1548 1570 1596; x_wconf 74' lang='lat' dir='ltr'>EPIST.</span> <span class='ocrx_word' id='word_1_5' title='bbox 1619 1548 1696 1597; x_wconf 82' lang='lat'><strong>11.</strong></span> 
     </span>
    </p>
   </div>
   <div class='ocr_carea' id='block_1_3' title="bbox 270 1702 2051 3829">
    <p class='ocr_par' dir='ltr' id='par_1_3' title="bbox 360 1702 1889 1876">
     <span class='ocr_line' id='line_1_3' title="bbox 360 1702 1889 1788; baseline -0.001 -18"><span class='ocrx_word' id='word_1_6' title='bbox 360 1703 437 1770; x_wconf 89' lang='lat' dir='ltr'><strong>In</strong></span> <span class='ocrx_word' id='word_1_7' title='bbox 466 1710 604 1769; x_wconf 90' lang='lat' dir='ltr'><strong>cute</strong></span> <span class='ocrx_word' id='word_1_8' title='bbox 635 1702 902 1768; x_wconf 82' lang='lat' dir='ltr'>curanda</span> <span class='ocrx_word' id='word_1_9' title='bbox 930 1702 1063 1788; x_wconf 89' lang='lat' dir='ltr'><strong>plus</strong></span> <span class='ocrx_word' id='word_1_10' title='bbox 1093 1724 1285 1787; x_wconf 90' lang='lat' dir='ltr'><strong>aequo</strong></span> <span class='ocrx_word' id='word_1_11' title='bbox 1314 1710 1561 1787; x_wconf 86' lang='lat' dir='ltr'>operata</span> <span class='ocrx_word' id='word_1_12' title='bbox 1578 1703 1889 1788; x_wconf 82' lang='lat' dir='ltr'><strong>juventus,</strong></span> 
     </span>
     <span class='ocr_line' id='line_1_4' title="bbox 362 1789 1850 1876; baseline -0.001 -21"><span class='ocrx_word' id='word_1_13' title='bbox 362 1791 478 1857; x_wconf 91' lang='lat' dir='ltr'><strong>Cui</strong></span> <span class='ocrx_word' id='word_1_14' title='bbox 506 1791 820 1876; x_wconf 87' lang='lat' dir='ltr'><strong>pulchrum</strong></span> <span class='ocrx_word' id='word_1_15' title='bbox 847 1790 966 1853; x_wconf 84' lang='lat' dir='ltr'>fuit</span> <span class='ocrx_word' id='word_1_16' title='bbox 994 1791 1055 1852; x_wconf 89' lang='lat' dir='ltr'><strong>in</strong></span> <span class='ocrx_word' id='word_1_17' title='bbox 1087 1790 1309 1853; x_wconf 88' lang='lat' dir='ltr'><strong>medios</strong></span> <span class='ocrx_word' id='word_1_18' title='bbox 1339 1790 1596 1854; x_wconf 85' lang='lat' dir='ltr'><strong>dormire</strong></span> <span class='ocrx_word' id='word_1_19' title='bbox 1627 1789 1755 1854; x_wconf 84' lang='lat' dir='ltr'><strong>dies</strong></span> <span class='ocrx_word' id='word_1_20' title='bbox 1785 1796 1850 1853; x_wconf 95' lang='lat' dir='ltr'><strong>et</strong></span> 
     </span>
    </p>

    <p class='ocr_par' dir='ltr' id='par_1_4' title="bbox 361 1875 2005 2216">
     <span class='ocr_line' id='line_1_5' title="bbox 361 1875 1941 1960; baseline 0 -20"><span class='ocrx_word' id='word_1_21' title='bbox 361 1876 465 1940; x_wconf 81' lang='lat' dir='ltr'><strong>Ad</strong></span> <span class='ocrx_word' id='word_1_22' title='bbox 494 1877 807 1960; x_wconf 79' lang='lat' dir='ltr'><strong>strepitum</strong></span> <span class='ocrx_word' id='word_1_23' title='bbox 838 1876 1103 1939; x_wconf 80' lang='lat' dir='ltr'>citharae</span> <span class='ocrx_word' id='word_1_24' title='bbox 1130 1886 1426 1939; x_wconf 86' lang='lat' dir='ltr'><strong>cessatum</strong></span> <span class='ocrx_word' id='word_1_25' title='bbox 1458 1875 1680 1939; x_wconf 90' lang='lat' dir='ltr'><strong>ducere</strong></span> <span class='ocrx_word' id='word_1_26' title='bbox 1713 1896 1941 1940; x_wconf 87' lang='lat' dir='ltr'><strong>curam.</strong></span> 
     </span>
     <span class='ocr_line' id='line_1_6' title="bbox 362 1961 2005 2046; baseline 0 -20"><span class='ocrx_word' id='word_1_27' title='bbox 362 1962 451 2027; x_wconf 91' lang='lat' dir='ltr'><strong>Ut</strong></span> <span class='ocrx_word' id='word_1_28' title='bbox 469 1964 753 2046; x_wconf 87' lang='lat' dir='ltr'>jugulent</span> <span class='ocrx_word' id='word_1_29' title='bbox 781 1962 1046 2024; x_wconf 88' lang='lat' dir='ltr'><strong>homines</strong></span> <span class='ocrx_word' id='word_1_30' title='bbox 1098 1968 1355 2045; x_wconf 82' lang='lat' dir='ltr'><strong>surgunt</strong></span> <span class='ocrx_word' id='word_1_31' title='bbox 1384 1961 1461 2024; x_wconf 87' lang='lat' dir='ltr'><strong>de</strong></span> <span class='ocrx_word' id='word_1_32' title='bbox 1491 1968 1666 2025; x_wconf 91' lang='lat' dir='ltr'><strong>nocte</strong></span> <span class='ocrx_word' id='word_1_33' title='bbox 1702 1961 2005 2026; x_wconf 84' lang='lat' dir='ltr'><strong>latrones:</strong></span> 
     </span>
     <span class='ocr_line' id='line_1_7' title="bbox 366 2044 1962 2132; baseline 0 -21"><span class='ocrx_word' id='word_1_34' title='bbox 366 2048 453 2112; x_wconf 90' lang='lat' dir='ltr'><strong>Ut</strong></span> <span class='ocrx_word' id='word_1_35' title='bbox 481 2056 541 2110; x_wconf 90' lang='lat' dir='ltr'><strong>te</strong></span> <span class='ocrx_word' id='word_1_36' title='bbox 572 2049 762 2132; x_wconf 89' lang='lat' dir='ltr'><strong>ipsum</strong></span> <span class='ocrx_word' id='word_1_37' title='bbox 792 2068 995 2110; x_wconf 85' lang='lat' dir='ltr'><strong>serves</strong></span> <span class='ocrx_word' id='word_1_38' title='bbox 1046 2068 1165 2110; x_wconf 89' lang='lat' dir='ltr'><strong>non</strong></span> <span class='ocrx_word' id='word_1_39' title='bbox 1196 2048 1627 2131; x_wconf 82' lang='lat' dir='ltr'><strong>expergisceris</strong></span> <span class='ocrx_word' id='word_1_40' title='bbox 1653 2044 1680 2110; x_wconf 70' lang='grc' dir='ltr'><strong>’ἰ</strong></span> <span class='ocrx_word' id='word_1_41' title='bbox 1770 2047 1962 2132; x_wconf 87' lang='lat' dir='ltr'>Atqui</span> 
     </span>
     <span class='ocr_line' id='line_1_8' title="bbox 366 2132 1720 2216; baseline -0.001 -20"><span class='ocrx_word' id='word_1_42' title='bbox 366 2132 432 2196; x_wconf 87' lang='lat' dir='ltr'><strong>Si</strong></span> <span class='ocrx_word' id='word_1_43' title='bbox 462 2134 625 2197; x_wconf 89' lang='lat' dir='ltr'><strong>noles</strong></span> <span class='ocrx_word' id='word_1_44' title='bbox 653 2154 833 2196; x_wconf 87' lang='lat' dir='ltr'><strong>sanus</strong></span> <span class='ocrx_word' id='word_1_45' title='bbox 886 2153 1092 2196; x_wconf 89' lang='lat' dir='ltr'><strong>curres</strong></span> <span class='ocrx_word' id='word_1_46' title='bbox 1120 2133 1520 2216; x_wconf 81' lang='lat' dir='ltr'><strong>hydropicus3</strong></span> <span class='ocrx_word' id='word_1_47' title='bbox 1565 2141 1630 2196; x_wconf 94' lang='lat' dir='ltr'><strong>et</strong></span> <span class='ocrx_word' id='word_1_48' title='bbox 1656 2132 1720 2195; x_wconf 94' lang='lat' dir='ltr'><strong>ni</strong></span> 
     </span>
    </p>

    <p class='ocr_par' dir='ltr' id='par_1_5' title="bbox 363 2218 2002 2966">
     <span class='ocr_line' id='line_1_9' title="bbox 367 2218 1870 2296; baseline 0.001 -15"><span class='ocrx_word' id='word_1_49' title='bbox 367 2219 585 2283; x_wconf 86' lang='lat' dir='ltr'><strong>Posces</strong></span> <span class='ocrx_word' id='word_1_50' title='bbox 614 2230 753 2282; x_wconf 88' lang='lat' dir='ltr'>ante</span> <span class='ocrx_word' id='word_1_51' title='bbox 785 2219 942 2281; x_wconf 90' lang='lat' dir='ltr'><strong>diem</strong></span> <span class='ocrx_word' id='word_1_52' title='bbox 970 2219 1187 2281; x_wconf 90' lang='lat' dir='ltr'><strong>librum</strong></span> <span class='ocrx_word' id='word_1_53' title='bbox 1218 2239 1355 2281; x_wconf 91' lang='lat' dir='ltr'><strong>cum</strong></span> <span class='ocrx_word' id='word_1_54' title='bbox 1396 2219 1640 2296; x_wconf 82' lang='lat' dir='ltr'><strong>lumine,</strong></span> <span class='ocrx_word' id='word_1_55' title='bbox 1671 2218 1723 2281; x_wconf 87' lang='lat' dir='ltr'><strong>si</strong></span> <span class='ocrx_word' id='word_1_56' title='bbox 1752 2239 1870 2283; x_wconf 90' lang='lat' dir='ltr'><strong>non</strong></span> 
     </span>
     <span class='ocr_line' id='line_1_10' title="bbox 364 2303 1796 2383; baseline 0.001 -16"><span class='ocrx_word' id='word_1_57' title='bbox 364 2303 651 2367; x_wconf 87' lang='lat' dir='ltr'><strong>Intendes</strong></span> <span class='ocrx_word' id='word_1_58' title='bbox 680 2305 941 2368; x_wconf 86' lang='lat' dir='ltr'><strong>animum</strong></span> <span class='ocrx_word' id='word_1_59' title='bbox 970 2305 1181 2368; x_wconf 88' lang='lat' dir='ltr'><strong>studiis</strong></span> <span class='ocrx_word' id='word_1_60' title='bbox 1211 2312 1274 2367; x_wconf 91' lang='lat' dir='ltr'><strong>et</strong></span> <span class='ocrx_word' id='word_1_61' title='bbox 1301 2304 1481 2366; x_wconf 85' lang='lat' dir='ltr'><strong>rebus</strong></span> <span class='ocrx_word' id='word_1_62' title='bbox 1510 2304 1796 2383; x_wconf 76' lang='lat' dir='ltr'><strong>honestiS,</strong></span> 
     </span>
     <span class='ocr_line' id='line_1_11' title="bbox 366 2388 1927 2473; baseline 0.001 -21"><span class='ocrx_word' id='word_1_63' title='bbox 366 2389 601 2453; x_wconf 83' lang='lat' dir='ltr'>Invidia</span> <span class='ocrx_word' id='word_1_64' title='bbox 627 2391 723 2452; x_wconf 82' lang='lat' dir='ltr'><strong>vel</strong></span> <span class='ocrx_word' id='word_1_65' title='bbox 752 2411 951 2454; x_wconf 86' lang='lat' dir='ltr'><strong>amore</strong></span> <span class='ocrx_word' id='word_1_66' title='bbox 985 2390 1124 2473; x_wconf 86' lang='lat' dir='ltr'>vigil</span> <span class='ocrx_word' id='word_1_67' title='bbox 1154 2389 1534 2473; x_wconf 90' lang='lat' dir='ltr'><strong>torquebcre.</strong></span> <span class='ocrx_word' id='word_1_68' title='bbox 1624 2388 1785 2453; x_wconf 86' lang='lat' dir='ltr'>Nam</span> <span class='ocrx_word' id='word_1_69' title='bbox 1816 2410 1927 2454; x_wconf 88' lang='lat' dir='ltr'><strong>cur</strong></span> 
     </span>
     <span class='ocr_line' id='line_1_12' title="bbox 365 2473 1891 2561; baseline 0 -21"><span class='ocrx_word' id='word_1_70' title='bbox 365 2474 535 2548; x_wconf 84' lang='lat' dir='ltr'><strong>Quae</strong></span> <span class='ocrx_word' id='word_1_71' title='bbox 565 2475 813 2538; x_wconf 89' lang='lat' dir='ltr'>laedunt</span> <span class='ocrx_word' id='word_1_72' title='bbox 843 2473 1048 2535; x_wconf 86' lang='lat' dir='ltr'><strong>oculos</strong></span> <span class='ocrx_word' id='word_1_73' title='bbox 1079 2476 1331 2538; x_wconf 74' lang='lat' dir='ltr'><strong>festinas</strong></span> <span class='ocrx_word' id='word_1_74' title='bbox 1361 2475 1630 2553; x_wconf 86' lang='lat' dir='ltr'><strong>demere,</strong></span> <span class='ocrx_word' id='word_1_75' title='bbox 1661 2476 1714 2539; x_wconf 86' lang='lat' dir='ltr'><strong>si</strong></span> <span class='ocrx_word' id='word_1_76' title='bbox 1744 2475 1891 2561; x_wconf 85' lang='lat' dir='ltr'>quid</span> 
     </span>
     <span class='ocr_line' id='line_1_13' title="bbox 366 2559 1966 2643; baseline 0.001 -20"><span class='ocrx_word' id='word_1_77' title='bbox 366 2560 478 2623; x_wconf 89' lang='lat' dir='ltr'><strong>Est</strong></span> <span class='ocrx_word' id='word_1_78' title='bbox 500 2561 760 2625; x_wconf 86' lang='lat' dir='ltr'><strong>animum</strong></span> <span class='ocrx_word' id='word_1_79' title='bbox 814 2560 1014 2622; x_wconf 88' lang='lat' dir='ltr'><strong>differs</strong></span> <span class='ocrx_word' id='word_1_80' title='bbox 1044 2559 1294 2622; x_wconf 87' lang='lat' dir='ltr'>curandi</span> <span class='ocrx_word' id='word_1_81' title='bbox 1324 2566 1560 2643; x_wconf 88' lang='lat' dir='ltr'><strong>tempus</strong></span> <span class='ocrx_word' id='word_1_82' title='bbox 1588 2560 1652 2622; x_wconf 89' lang='lat' dir='ltr'><strong>in</strong></span> <span class='ocrx_word' id='word_1_83' title='bbox 1692 2560 1966 2625; x_wconf 75' lang='lat' dir='ltr'>annum?</span> 
     </span>
     <span class='ocr_line' id='line_1_14' title="bbox 364 2644 2002 2729; baseline 0 -20"><span class='ocrx_word' id='word_1_84' title='bbox 364 2644 692 2709; x_wconf 88' lang='lat' dir='ltr'>Dimidium</span> <span class='ocrx_word' id='word_1_85' title='bbox 722 2645 864 2709; x_wconf 85' lang='lat' dir='ltr'>facti</span> <span class='ocrx_word' id='word_1_86' title='bbox 919 2644 1024 2727; x_wconf 89' lang='lat' dir='ltr'><strong>qui</strong></span> <span class='ocrx_word' id='word_1_87' title='bbox 1054 2646 1252 2728; x_wconf 91' lang='lat' dir='ltr'><strong>coepit</strong></span> <span class='ocrx_word' id='word_1_88' title='bbox 1303 2645 1520 2708; x_wconf 88' lang='lat' dir='ltr'>habet:</span> <span class='ocrx_word' id='word_1_89' title='bbox 1568 2665 1781 2729; x_wconf 78' lang='lat' dir='ltr'>sapere</span> <span class='ocrx_word' id='word_1_90' title='bbox 1811 2645 2002 2724; x_wconf 87' lang='lat' dir='ltr'><strong>aude;</strong></span> 
     </span>
     <span class='ocr_line' id='line_1_15' title="bbox 363 2728 1815 2815; baseline 0 -21"><span class='ocrx_word' id='word_1_91' title='bbox 363 2730 593 2815; x_wconf 88' lang='lat' dir='ltr'>Incipe.</span> <span class='ocrx_word' id='word_1_92' title='bbox 685 2730 803 2804; x_wconf 84' lang='lat' dir='ltr'><strong>Qui</strong></span> <span class='ocrx_word' id='word_1_93' title='bbox 831 2738 997 2793; x_wconf 90' lang='lat' dir='ltr'><strong>recte</strong></span> <span class='ocrx_word' id='word_1_94' title='bbox 1028 2728 1266 2792; x_wconf 84' lang='lat' dir='ltr'><strong>vivendi</strong></span> <span class='ocrx_word' id='word_1_95' title='bbox 1295 2738 1580 2813; x_wconf 77' lang='lat' dir='ltr'><strong>prorogat</strong></span> <span class='ocrx_word' id='word_1_96' title='bbox 1606 2732 1815 2794; x_wconf 90' lang='lat' dir='ltr'><strong>horam</strong></span> 
     </span>
     <span class='ocr_line' id='line_1_16' title="bbox 363 2814 1933 2899; baseline 0.001 -20"><span class='ocrx_word' id='word_1_97' title='bbox 363 2817 650 2880; x_wconf 85' lang='lat' dir='ltr'><strong>Rusticus</strong></span> <span class='ocrx_word' id='word_1_98' title='bbox 680 2822 992 2899; x_wconf 82' lang='lat' dir='ltr'><strong>exspectat</strong></span> <span class='ocrx_word' id='word_1_99' title='bbox 1042 2814 1186 2878; x_wconf 86' lang='lat' dir='ltr'><strong>dum</strong></span> <span class='ocrx_word' id='word_1_100' title='bbox 1214 2814 1436 2879; x_wconf 87' lang='lat' dir='ltr'>defluat</span> <span class='ocrx_word' id='word_1_101' title='bbox 1466 2816 1693 2892; x_wconf 83' lang='lat' dir='ltr'>amnis3</span> <span class='ocrx_word' id='word_1_102' title='bbox 1740 2825 1805 2880; x_wconf 85' lang='lat' dir='ltr'><strong>at</strong></span> <span class='ocrx_word' id='word_1_103' title='bbox 1831 2816 1933 2881; x_wconf 91' lang='lat' dir='ltr'>ille</span> 
     </span>
     <span class='ocr_line' id='line_1_17' title="bbox 364 2899 1832 2966; baseline 0.001 -2"><span class='ocrx_word' id='word_1_104' title='bbox 364 2901 617 2965; x_wconf 78' lang='lat' dir='ltr'><strong>Labitur</strong></span> <span class='ocrx_word' id='word_1_105' title='bbox 644 2910 708 2966; x_wconf 91' lang='lat' dir='ltr'><strong>et</strong></span> <span class='ocrx_word' id='word_1_106' title='bbox 734 2901 971 2964; x_wconf 88' lang='lat' dir='ltr'>labetur</span> <span class='ocrx_word' id='word_1_107' title='bbox 997 2899 1060 2964; x_wconf 93' lang='lat' dir='ltr'><strong>in</strong></span> <span class='ocrx_word' id='word_1_108' title='bbox 1089 2921 1261 2964; x_wconf 89' lang='lat' dir='ltr'><strong>omne</strong></span> <span class='ocrx_word' id='word_1_109' title='bbox 1293 2901 1565 2964; x_wconf 87' lang='lat' dir='ltr'><strong>volubilis</strong></span> <span class='ocrx_word' id='word_1_110' title='bbox 1596 2922 1832 2966; x_wconf 84' lang='lat' dir='ltr'><strong>aevum.</strong></span> 
     </span>
    </p>

    <p class='ocr_par' dir='ltr' id='par_1_6' title="bbox 270 2985 1899 3157">
     <span class='ocr_line' id='line_1_18' title="bbox 270 2985 1899 3071; baseline 0.002 -22"><span class='ocrx_word' id='word_1_111' title='bbox 270 3016 281 3027; x_wconf 94' lang='lat'><em>·</em></span> <span class='ocrx_word' id='word_1_112' title='bbox 365 2985 691 3060; x_wconf 78' lang='lat' dir='ltr'><strong>Quaeritur</strong></span> <span class='ocrx_word' id='word_1_113' title='bbox 719 2993 1036 3069; x_wconf 86' lang='lat' dir='ltr'><strong>argeutum</strong></span> <span class='ocrx_word' id='word_1_114' title='bbox 1066 2986 1386 3071; x_wconf 91' lang='lat' dir='ltr'><strong>puerisque</strong></span> <span class='ocrx_word' id='word_1_115' title='bbox 1417 2987 1597 3050; x_wconf 89' lang='lat' dir='ltr'>beata</span> <span class='ocrx_word' id='word_1_116' title='bbox 1626 2988 1899 3052; x_wconf 79' lang='lat' dir='ltr'><strong>creandis</strong></span> 
     </span>
     <span class='ocr_line' id='line_1_19' title="bbox 363 3071 1787 3157; baseline 0.001 -21"><span class='ocrx_word' id='word_1_117' title='bbox 363 3071 558 3151; x_wconf 84' lang='lat' dir='ltr'><strong>Uxor,</strong></span> <span class='ocrx_word' id='word_1_118' title='bbox 592 3080 657 3136; x_wconf 92' lang='lat' dir='ltr'><strong>et</strong></span> <span class='ocrx_word' id='word_1_119' title='bbox 683 3073 945 3136; x_wconf 87' lang='lat' dir='ltr'>incultae</span> <span class='ocrx_word' id='word_1_120' title='bbox 975 3080 1270 3157; x_wconf 85' lang='lat' dir='ltr'><strong>pacantur</strong></span> <span class='ocrx_word' id='word_1_121' title='bbox 1300 3094 1537 3136; x_wconf 88' lang='lat' dir='ltr'><strong>vomere</strong></span> <span class='ocrx_word' id='word_1_122' title='bbox 1567 3073 1787 3137; x_wconf 84' lang='lat' dir='ltr'><strong>silvae:</strong></span> 
     </span>
    </p>

    <p class='ocr_par' dir='ltr' id='par_1_7' title="bbox 360 3157 1979 3415">
     <span class='ocr_line' id='line_1_20' title="bbox 363 3157 1921 3245; baseline 0.001 -23"><span class='ocrx_word' id='word_1_123' title='bbox 363 3157 539 3232; x_wconf 83' lang='lat' dir='ltr'><strong>Quod</strong></span> <span class='ocrx_word' id='word_1_124' title='bbox 569 3160 715 3223; x_wconf 86' lang='lat' dir='ltr'>satis</span> <span class='ocrx_word' id='word_1_125' title='bbox 744 3166 837 3222; x_wconf 87' lang='lat' dir='ltr'><strong>est</strong></span> <span class='ocrx_word' id='word_1_126' title='bbox 865 3158 963 3221; x_wconf 91' lang='lat' dir='ltr'><strong>cui</strong></span> <span class='ocrx_word' id='word_1_127' title='bbox 994 3158 1287 3242; x_wconf 86' lang='lat' dir='ltr'>contingit</span> <span class='ocrx_word' id='word_1_128' title='bbox 1339 3159 1423 3221; x_wconf 91' lang='lat' dir='ltr'><strong>nil</strong></span> <span class='ocrx_word' id='word_1_129' title='bbox 1454 3159 1707 3243; x_wconf 86' lang='lat' dir='ltr'><strong>amplius</strong></span> <span class='ocrx_word' id='word_1_130' title='bbox 1734 3171 1921 3245; x_wconf 86' lang='lat' dir='ltr'>optet.</span> 
     </span>
     <span class='ocr_line' id='line_1_21' title="bbox 361 3242 1979 3323; baseline 0.002 -17"><span class='ocrx_word' id='word_1_131' title='bbox 361 3243 426 3306; x_wconf 87' lang='lat' dir='ltr'>N</span> <span class='ocrx_word' id='word_1_132' title='bbox 427 3265 504 3308; x_wconf 87' lang='lat' dir='ltr'><strong>on</strong></span> <span class='ocrx_word' id='word_1_133' title='bbox 533 3244 741 3308; x_wconf 89' lang='lat' dir='ltr'><strong>domus</strong></span> <span class='ocrx_word' id='word_1_134' title='bbox 773 3252 835 3308; x_wconf 90' lang='lat' dir='ltr'><strong>et</strong></span> <span class='ocrx_word' id='word_1_135' title='bbox 864 3242 1107 3323; x_wconf 88' lang='lat' dir='ltr'><strong>fundus,</strong></span> <span class='ocrx_word' id='word_1_136' title='bbox 1136 3266 1257 3309; x_wconf 89' lang='lat' dir='ltr'><strong>non</strong></span> <span class='ocrx_word' id='word_1_137' title='bbox 1287 3245 1442 3309; x_wconf 84' lang='lat' dir='ltr'><strong>aeris</strong></span> <span class='ocrx_word' id='word_1_138' title='bbox 1472 3265 1724 3310; x_wconf 86' lang='lat' dir='ltr'><strong>acervus</strong></span> <span class='ocrx_word' id='word_1_139' title='bbox 1754 3253 1817 3309; x_wconf 94' lang='lat' dir='ltr'><strong>et</strong></span> <span class='ocrx_word' id='word_1_140' title='bbox 1847 3244 1979 3310; x_wconf 88' lang='lat' dir='ltr'><strong>auri</strong></span> 
     </span>
     <span class='ocr_line' id='line_1_22' title="bbox 360 3329 1684 3415; baseline 0.002 -22"><span class='ocrx_word' id='word_1_141' title='bbox 360 3329 632 3412; x_wconf 84' lang='lat' dir='ltr'><strong>Aegroto</strong></span> <span class='ocrx_word' id='word_1_142' title='bbox 662 3329 882 3394; x_wconf 91' lang='lat' dir='ltr'><strong>domini</strong></span> <span class='ocrx_word' id='word_1_143' title='bbox 911 3329 1159 3393; x_wconf 85' lang='lat' dir='ltr'><strong>deduxit</strong></span> <span class='ocrx_word' id='word_1_144' title='bbox 1188 3350 1434 3415; x_wconf 89' lang='lat' dir='ltr'><strong>corpore</strong></span> <span class='ocrx_word' id='word_1_145' title='bbox 1463 3330 1684 3411; x_wconf 84' lang='lat' dir='ltr'><strong>febres,</strong></span> 
     </span>
    </p>

    <p class='ocr_par' dir='ltr' id='par_1_8' title="bbox 363 3414 1818 3501">
     <span class='ocr_line' id='line_1_23' title="bbox 363 3414 1818 3501; baseline 0.001 -23"><span class='ocrx_word' id='word_1_146' title='bbox 363 3414 426 3478; x_wconf 84' lang='lat' dir='ltr'>N</span> <span class='ocrx_word' id='word_1_147' title='bbox 428 3437 505 3478; x_wconf 89' lang='lat' dir='ltr'><strong>on</strong></span> <span class='ocrx_word' id='word_1_148' title='bbox 532 3417 729 3480; x_wconf 88' lang='lat' dir='ltr'>animo</span> <span class='ocrx_word' id='word_1_149' title='bbox 759 3437 950 3480; x_wconf 87' lang='lat' dir='ltr'><strong>curas.</strong></span> <span class='ocrx_word' id='word_1_150' title='bbox 1000 3415 1223 3481; x_wconf 89' lang='lat' dir='ltr'>Valeat</span> <span class='ocrx_word' id='word_1_151' title='bbox 1250 3437 1552 3501; x_wconf 85' lang='lat' dir='ltr'><strong>possessor</strong></span> <span class='ocrx_word' id='word_1_152' title='bbox 1579 3423 1818 3501; x_wconf 89' lang='lat' dir='ltr'><strong>oportet</strong></span> 
     </span>
    </p>

    <p class='ocr_par' dir='ltr' id='par_1_9' title="bbox 364 3498 1623 3586">
     <span class='ocr_line' id='line_1_24' title="bbox 364 3498 1623 3586; baseline 0.001 -22"><span class='ocrx_word' id='word_1_153' title='bbox 364 3498 431 3565; x_wconf 90' lang='lat' dir='ltr'><strong>Si</strong></span> <span class='ocrx_word' id='word_1_154' title='bbox 460 3501 840 3586; x_wconf 88' lang='lat' dir='ltr'><strong>comportatis</strong></span> <span class='ocrx_word' id='word_1_155' title='bbox 868 3503 1049 3565; x_wconf 91' lang='lat' dir='ltr'><strong>rebus</strong></span> <span class='ocrx_word' id='word_1_156' title='bbox 1077 3502 1229 3565; x_wconf 90' lang='lat' dir='ltr'><strong>bene</strong></span> <span class='ocrx_word' id='word_1_157' title='bbox 1261 3502 1487 3586; x_wconf 84' lang='lat' dir='ltr'>cogitat</span> <span class='ocrx_word' id='word_1_158' title='bbox 1515 3503 1623 3565; x_wconf 91' lang='lat' dir='ltr'>uti.</span> 
     </span>
    </p>

    <p class='ocr_par' dir='ltr' id='par_1_10' title="bbox 358 3585 2051 3829">
     <span class='ocr_line' id='line_1_25' title="bbox 361 3585 2051 3673; baseline 0.002 -24"><span class='ocrx_word' id='word_1_159' title='bbox 361 3585 479 3660; x_wconf 85' lang='lat' dir='ltr'><strong>Qui</strong></span> <span class='ocrx_word' id='word_1_160' title='bbox 509 3588 674 3673; x_wconf 89' lang='lat' dir='ltr'>cupit</span> <span class='ocrx_word' id='word_1_161' title='bbox 700 3595 808 3651; x_wconf 88' lang='lat' dir='ltr'><strong>aut</strong></span> <span class='ocrx_word' id='word_1_162' title='bbox 835 3588 1050 3651; x_wconf 90' lang='lat' dir='ltr'><strong>metuit</strong></span> <span class='ocrx_word' id='word_1_163' title='bbox 1092 3588 1271 3672; x_wconf 85' lang='lat' dir='ltr'>juvat</span> <span class='ocrx_word' id='word_1_164' title='bbox 1298 3588 1465 3650; x_wconf 91' lang='lat' dir='ltr'><strong>illum</strong></span> <span class='ocrx_word' id='word_1_165' title='bbox 1505 3588 1591 3651; x_wconf 86' lang='lat' dir='ltr'><strong>sic</strong></span> <span class='ocrx_word' id='word_1_166' title='bbox 1622 3588 1832 3651; x_wconf 88' lang='lat' dir='ltr'><strong>domus</strong></span> <span class='ocrx_word' id='word_1_167' title='bbox 1861 3593 1926 3651; x_wconf 91' lang='lat' dir='ltr'><strong>et</strong></span> <span class='ocrx_word' id='word_1_168' title='bbox 1952 3607 2051 3652; x_wconf 86' lang='lat' dir='ltr'><strong>res</strong></span> 
     </span>
     <span class='ocr_line' id='line_1_26' title="bbox 359 3671 1941 3758; baseline 0.001 -22"><span class='ocrx_word' id='word_1_169' title='bbox 359 3671 453 3737; x_wconf 92' lang='lat' dir='ltr'><strong>Ut</strong></span> <span class='ocrx_word' id='word_1_170' title='bbox 480 3673 704 3757; x_wconf 90' lang='lat' dir='ltr'><strong>lippum</strong></span> <span class='ocrx_word' id='word_1_171' title='bbox 734 3674 932 3758; x_wconf 87' lang='lat' dir='ltr'>pictae</span> <span class='ocrx_word' id='word_1_172' title='bbox 961 3674 1224 3751; x_wconf 88' lang='lat' dir='ltr'>tabulae,</span> <span class='ocrx_word' id='word_1_173' title='bbox 1254 3673 1519 3736; x_wconf 83' lang='lat' dir='ltr'>fomenta</span> <span class='ocrx_word' id='word_1_174' title='bbox 1546 3673 1941 3757; x_wconf 81' lang='lat' dir='ltr'>podagram,··</span> 
     </span>
     <span class='ocr_line' id='line_1_27' title="bbox 358 3757 1784 3829; baseline 0 -8"><span class='ocrx_word' id='word_1_175' title='bbox 358 3758 682 3829; x_wconf 86' lang='lat' dir='ltr'><strong>Auriculas</strong></span> <span class='ocrx_word' id='word_1_176' title='bbox 712 3759 977 3823; x_wconf 84' lang='lat' dir='ltr'>citharae</span> <span class='ocrx_word' id='word_1_177' title='bbox 1007 3760 1260 3823; x_wconf 86' lang='lat' dir='ltr'>collecta</span> <span class='ocrx_word' id='word_1_178' title='bbox 1288 3758 1463 3822; x_wconf 87' lang='lat' dir='ltr'><strong>sorde</strong></span> <span class='ocrx_word' id='word_1_179' title='bbox 1494 3757 1784 3821; x_wconf 80' lang='lat' dir='ltr'><strong>dolentes·</strong></span> 
     </span>
    </p>
   </div>
   <div class='ocr_carea' id='block_1_4' title="bbox 232 3842 2118 4013">
    <p class='ocr_par' dir='ltr' id='par_1_11' title="bbox 232 3842 2118 4013">
     <span class='ocr_line' id='line_1_28' title="bbox 363 3842 2118 3927; baseline 0.001 -20"><span class='ocrx_word' id='word_1_180' title='bbox 363 3842 679 3907; x_wconf 88' lang='lat' dir='ltr'><strong>Sincerum</strong></span> <span class='ocrx_word' id='word_1_181' title='bbox 709 3851 802 3907; x_wconf 88' lang='lat' dir='ltr'><strong>est</strong></span> <span class='ocrx_word' id='word_1_182' title='bbox 828 3845 941 3908; x_wconf 89' lang='lat' dir='ltr'><strong>nisi</strong></span> <span class='ocrx_word' id='word_1_183' title='bbox 971 3865 1077 3907; x_wconf 87' lang='lat' dir='ltr'><strong>vas</strong></span> <span class='ocrx_word' id='word_1_184' title='bbox 1132 3844 1533 3927; x_wconf 88' lang='lat' dir='ltr'><strong>quodcunque</strong></span> <span class='ocrx_word' id='word_1_185' title='bbox 1578 3843 1845 3908; x_wconf 86' lang='lat' dir='ltr'><strong>infundis</strong></span> <span class='ocrx_word' id='word_1_186' title='bbox 1875 3843 2118 3908; x_wconf 81' lang='lat' dir='ltr'>acescit.</span> 
     </span>
     <span class='ocr_line' id='line_1_29' title="bbox 232 3926 1963 4013; baseline 0.001 -21"><span class='ocrx_word' id='word_1_187' title='bbox 232 3930 239 3937; x_wconf 87' lang='lat'>&#39;</span> <span class='ocrx_word' id='word_1_188' title='bbox 363 3926 595 4013; x_wconf 88' lang='lat' dir='ltr'><strong>Sperne</strong></span> <span class='ocrx_word' id='word_1_189' title='bbox 627 3930 986 4012; x_wconf 86' lang='lat' dir='ltr'>voluptates,</span> <span class='ocrx_word' id='word_1_190' title='bbox 1008 3937 1190 3993; x_wconf 86' lang='lat' dir='ltr'><strong>nocet</strong></span> <span class='ocrx_word' id='word_1_191' title='bbox 1212 3937 1416 4013; x_wconf 91' lang='lat' dir='ltr'>empta</span> <span class='ocrx_word' id='word_1_192' title='bbox 1439 3928 1639 3992; x_wconf 91' lang='lat' dir='ltr'><strong>dolore</strong></span> <span class='ocrx_word' id='word_1_193' title='bbox 1672 3929 1963 4013; x_wconf 78' lang='lat' dir='ltr'>voluptas·</span> 
     </span>
    </p>
   </div>
   <div class='ocr_carea' id='block_1_5' title="bbox 356 4013 2036 5040">
    <p class='ocr_par' dir='ltr' id='par_1_12' title="bbox 359 4013 1919 4183">
     <span class='ocr_line' id='line_1_30' title="bbox 363 4013 1919 4097; baseline 0.001 -19"><span class='ocrx_word' id='word_1_194' title='bbox 363 4013 507 4078; x_wconf 86' lang='lat' dir='ltr'><strong>Sem</strong></span> <span class='ocrx_word' id='word_1_195' title='bbox 549 4036 617 4078; x_wconf 91' lang='lat' dir='ltr'><strong>er</strong></span> <span class='ocrx_word' id='word_1_196' title='bbox 645 4035 863 4078; x_wconf 89' lang='lat' dir='ltr'><strong>avarus</strong></span> <span class='ocrx_word' id='word_1_197' title='bbox 894 4021 1068 4097; x_wconf 81' lang='lat' dir='ltr'><strong>eget:</strong></span> <span class='ocrx_word' id='word_1_198' title='bbox 1118 4021 1348 4078; x_wconf 88' lang='lat' dir='ltr'><strong>certum</strong></span> <span class='ocrx_word' id='word_1_199' title='bbox 1379 4023 1516 4078; x_wconf 86' lang='lat' dir='ltr'><strong>voto</strong></span> <span class='ocrx_word' id='word_1_200' title='bbox 1544 4021 1684 4097; x_wconf 90' lang='lat' dir='ltr'><strong>pete</strong></span> <span class='ocrx_word' id='word_1_201' title='bbox 1720 4016 1919 4079; x_wconf 88' lang='lat' dir='ltr'>finem.</span> 
     </span>
     <span class='ocr_line' id='line_1_31' title="bbox 359 4037 1710 4183; baseline 0 -19"><span class='ocrx_word' id='word_1_202' title='bbox 359 4037 611 4164; x_wconf 51' lang='lat' dir='ltr'><strong>Inviffus</strong></span> <span class='ocrx_word' id='word_1_203' title='bbox 641 4100 889 4163; x_wconf 87' lang='lat' dir='ltr'><strong>alterius</strong></span> <span class='ocrx_word' id='word_1_204' title='bbox 916 4099 1233 4164; x_wconf 87' lang='lat' dir='ltr'>macrescit</span> <span class='ocrx_word' id='word_1_205' title='bbox 1261 4100 1439 4163; x_wconf 91' lang='lat' dir='ltr'><strong>rebus</strong></span> <span class='ocrx_word' id='word_1_206' title='bbox 1469 4101 1710 4183; x_wconf 85' lang='lat' dir='ltr'><strong>opimis:</strong></span> 
     </span>
    </p>

    <p class='ocr_par' dir='ltr' id='par_1_13' title="bbox 361 4184 1547 4271">
     <span class='ocr_line' id='line_1_32' title="bbox 361 4184 1547 4271; baseline -0.001 -22"><span class='ocrx_word' id='word_1_207' title='bbox 361 4185 599 4249; x_wconf 84' lang='lat' dir='ltr'>Invidia</span> <span class='ocrx_word' id='word_1_208' title='bbox 631 4184 818 4249; x_wconf 88' lang='lat' dir='ltr'><strong>Siculi</strong></span> <span class='ocrx_word' id='word_1_209' title='bbox 847 4207 965 4249; x_wconf 88' lang='lat' dir='ltr'><strong>non</strong></span> <span class='ocrx_word' id='word_1_210' title='bbox 995 4187 1276 4249; x_wconf 88' lang='lat' dir='ltr'><strong>invenere</strong></span> <span class='ocrx_word' id='word_1_211' title='bbox 1308 4186 1547 4271; x_wconf 76' lang='lat' dir='ltr'>tyranni</span> 
     </span>
    </p>

    <p class='ocr_par' dir='ltr' id='par_1_14' title="bbox 358 4269 2018 4528">
     <span class='ocr_line' id='line_1_33' title="bbox 359 4269 1940 4356; baseline 0.001 -21"><span class='ocrx_word' id='word_1_212' title='bbox 359 4270 564 4356; x_wconf 86' lang='lat' dir='ltr'><strong>Majus</strong></span> <span class='ocrx_word' id='word_1_213' title='bbox 594 4279 975 4335; x_wconf 90' lang='lat' dir='ltr'><strong>tormentum.</strong></span> <span class='ocrx_word' id='word_1_214' title='bbox 1067 4269 1184 4346; x_wconf 89' lang='lat' dir='ltr'><strong>Qui</strong></span> <span class='ocrx_word' id='word_1_215' title='bbox 1214 4294 1332 4335; x_wconf 89' lang='lat' dir='ltr'><strong>non</strong></span> <span class='ocrx_word' id='word_1_216' title='bbox 1372 4271 1779 4336; x_wconf 88' lang='lat' dir='ltr'><strong>moderabitur</strong></span> <span class='ocrx_word' id='word_1_217' title='bbox 1814 4272 1940 4336; x_wconf 87' lang='lat' dir='ltr'><strong>irae</strong></span> 
     </span>
     <span class='ocr_line' id='line_1_34' title="bbox 358 4356 2018 4442; baseline 0.001 -21"><span class='ocrx_word' id='word_1_218' title='bbox 358 4356 661 4421; x_wconf 87' lang='lat' dir='ltr'><strong>Infectum</strong></span> <span class='ocrx_word' id='word_1_219' title='bbox 691 4358 852 4421; x_wconf 88' lang='lat' dir='ltr'><strong>volet</strong></span> <span class='ocrx_word' id='word_1_220' title='bbox 881 4379 1034 4437; x_wconf 87' lang='lat' dir='ltr'><strong>esse,</strong></span> <span class='ocrx_word' id='word_1_221' title='bbox 1065 4357 1232 4421; x_wconf 90' lang='lat' dir='ltr'><strong>dolor</strong></span> <span class='ocrx_word' id='word_1_222' title='bbox 1260 4358 1420 4442; x_wconf 87' lang='lat' dir='ltr'><strong>quod</strong></span> <span class='ocrx_word' id='word_1_223' title='bbox 1449 4358 1708 4422; x_wconf 86' lang='lat' dir='ltr'><strong>suaserit</strong></span> <span class='ocrx_word' id='word_1_224' title='bbox 1736 4365 1799 4420; x_wconf 91' lang='lat' dir='ltr'><strong>et</strong></span> <span class='ocrx_word' id='word_1_225' title='bbox 1828 4378 2018 4438; x_wconf 74' lang='lat' dir='ltr'><strong>mena,</strong></span> 
     </span>
     <span class='ocr_line' id='line_1_35' title="bbox 360 4442 1733 4528; baseline -0.001 -21"><span class='ocrx_word' id='word_1_226' title='bbox 360 4442 520 4507; x_wconf 89' lang='lat' dir='ltr'><strong>Dum</strong></span> <span class='ocrx_word' id='word_1_227' title='bbox 550 4465 772 4527; x_wconf 84' lang='lat' dir='ltr'><strong>poenas</strong></span> <span class='ocrx_word' id='word_1_228' title='bbox 801 4443 934 4507; x_wconf 90' lang='lat' dir='ltr'><strong>odio</strong></span> <span class='ocrx_word' id='word_1_229' title='bbox 963 4464 1072 4528; x_wconf 90' lang='lat' dir='ltr'><strong>per</strong></span> <span class='ocrx_word' id='word_1_230' title='bbox 1102 4445 1221 4506; x_wconf 87' lang='lat' dir='ltr'><strong>vim</strong></span> <span class='ocrx_word' id='word_1_231' title='bbox 1251 4444 1497 4507; x_wconf 85' lang='lat' dir='ltr'>festinat</span> <span class='ocrx_word' id='word_1_232' title='bbox 1524 4445 1733 4507; x_wconf 88' lang='lat' dir='ltr'>inulto.</span> 
     </span>
    </p>

    <p class='ocr_par' dir='ltr' id='par_1_15' title="bbox 356 4527 2036 5040">
     <span class='ocr_line' id='line_1_36' title="bbox 360 4527 2036 4614; baseline 0.002 -23"><span class='ocrx_word' id='word_1_233' title='bbox 360 4527 463 4592; x_wconf 89' lang='lat' dir='ltr'><strong>Ira</strong></span> <span class='ocrx_word' id='word_1_234' title='bbox 491 4530 658 4593; x_wconf 89' lang='lat' dir='ltr'><strong>furor</strong></span> <span class='ocrx_word' id='word_1_235' title='bbox 684 4530 882 4593; x_wconf 84' lang='lat' dir='ltr'><strong>brevis</strong></span> <span class='ocrx_word' id='word_1_236' title='bbox 912 4537 1045 4593; x_wconf 89' lang='lat' dir='ltr'><strong>est:</strong></span> <span class='ocrx_word' id='word_1_237' title='bbox 1093 4530 1355 4593; x_wconf 90' lang='lat' dir='ltr'><strong>animum</strong></span> <span class='ocrx_word' id='word_1_238' title='bbox 1384 4530 1552 4612; x_wconf 85' lang='lat' dir='ltr'><strong>rege,</strong></span> <span class='ocrx_word' id='word_1_239' title='bbox 1581 4529 1686 4614; x_wconf 91' lang='lat' dir='ltr'><strong>qui</strong></span> <span class='ocrx_word' id='word_1_240' title='bbox 1715 4528 1829 4592; x_wconf 91' lang='lat' dir='ltr'><strong>nisi</strong></span> <span class='ocrx_word' id='word_1_241' title='bbox 1860 4535 2036 4613; x_wconf 88' lang='lat' dir='ltr'>paret</span> 
     </span>
     <span class='ocr_line' id='line_1_37' title="bbox 360 4613 2001 4698; baseline 0.001 -21"><span class='ocrx_word' id='word_1_242' title='bbox 360 4613 661 4698; x_wconf 86' lang='lat' dir='ltr'><strong>Imperat:</strong></span> <span class='ocrx_word' id='word_1_243' title='bbox 708 4615 869 4680; x_wconf 88' lang='lat' dir='ltr'><strong>hunc</strong></span> <span class='ocrx_word' id='word_1_244' title='bbox 899 4616 1116 4694; x_wconf 75' lang='lat' dir='ltr'><strong>freniS,·</strong></span> <span class='ocrx_word' id='word_1_245' title='bbox 1135 4616 1293 4678; x_wconf 88' lang='lat' dir='ltr'><strong>hunc</strong></span> <span class='ocrx_word' id='word_1_246' title='bbox 1328 4622 1393 4678; x_wconf 90' lang='lat' dir='ltr'>tu</span> <span class='ocrx_word' id='word_1_247' title='bbox 1423 4634 1732 4698; x_wconf 89' lang='lat' dir='ltr'><strong>compesce</strong></span> <span class='ocrx_word' id='word_1_248' title='bbox 1764 4622 2001 4678; x_wconf 87' lang='lat' dir='ltr'>catena.</span> 
     </span>
     <span class='ocr_line' id='line_1_38' title="bbox 360 4698 1919 4785; baseline 0.001 -22"><span class='ocrx_word' id='word_1_249' title='bbox 360 4698 563 4783; x_wconf 87' lang='lat' dir='ltr'>Fingit</span> <span class='ocrx_word' id='word_1_250' title='bbox 590 4721 811 4785; x_wconf 89' lang='lat' dir='ltr'><strong>equum</strong></span> <span class='ocrx_word' id='word_1_251' title='bbox 844 4710 1053 4765; x_wconf 89' lang='lat' dir='ltr'>tenera</span> <span class='ocrx_word' id='word_1_252' title='bbox 1083 4700 1334 4764; x_wconf 88' lang='lat' dir='ltr'><strong>docilem</strong></span> <span class='ocrx_word' id='word_1_253' title='bbox 1366 4701 1601 4764; x_wconf 88' lang='lat' dir='ltr'><strong>cervice</strong></span> <span class='ocrx_word' id='word_1_254' title='bbox 1632 4700 1919 4783; x_wconf 83' lang='lat' dir='ltr'><strong>magister</strong></span> 
     </span>
     <span class='ocr_line' id='line_1_39' title="bbox 359 4783 2024 4870; baseline 0.002 -22"><span class='ocrx_word' id='word_1_255' title='bbox 359 4783 460 4849; x_wconf 85' lang='lat' dir='ltr'><strong>Ire</strong></span> <span class='ocrx_word' id='word_1_256' title='bbox 491 4786 670 4865; x_wconf 85' lang='lat' dir='ltr'>viam,</span> <span class='ocrx_word' id='word_1_257' title='bbox 699 4808 821 4870; x_wconf 85' lang='lat' dir='ltr'>qua</span> <span class='ocrx_word' id='word_1_258' title='bbox 847 4793 1138 4850; x_wconf 88' lang='lat' dir='ltr'><strong>monstret</strong></span> <span class='ocrx_word' id='word_1_259' title='bbox 1167 4806 1391 4869; x_wconf 90' lang='lat' dir='ltr'><strong>eques;</strong></span> <span class='ocrx_word' id='word_1_260' title='bbox 1436 4786 1769 4863; x_wconf 76' lang='lat' dir='ltr'>venaticuS,</span> <span class='ocrx_word' id='word_1_261' title='bbox 1801 4807 1875 4849; x_wconf 86' lang='lat' dir='ltr'><strong>ex</strong></span> <span class='ocrx_word' id='word_1_262' title='bbox 1906 4807 2024 4870; x_wconf 90' lang='lat' dir='ltr'><strong>quo</strong></span> 
     </span>
     <span class='ocr_line' id='line_1_40' title="bbox 357 4870 1776 4957; baseline -0.001 -22"><span class='ocrx_word' id='word_1_263' title='bbox 357 4870 649 4955; x_wconf 83' lang='lat' dir='ltr'><strong>Tempore</strong></span> <span class='ocrx_word' id='word_1_264' title='bbox 680 4872 981 4937; x_wconf 86' lang='lat' dir='ltr'><strong>cervinam</strong></span> <span class='ocrx_word' id='word_1_265' title='bbox 1009 4873 1223 4957; x_wconf 90' lang='lat' dir='ltr'><strong>pellem</strong></span> <span class='ocrx_word' id='word_1_266' title='bbox 1252 4872 1496 4934; x_wconf 87' lang='lat' dir='ltr'>latravit</span> <span class='ocrx_word' id='word_1_267' title='bbox 1526 4872 1585 4934; x_wconf 90' lang='lat' dir='ltr'><strong>in</strong></span> <span class='ocrx_word' id='word_1_268' title='bbox 1616 4872 1776 4950; x_wconf 88' lang='lat' dir='ltr'>aula,</span> 
     </span>
     <span class='ocr_line' id='line_1_41' title="bbox 356 4956 1850 5040; baseline 0 -21"><span class='ocrx_word' id='word_1_269' title='bbox 356 4956 586 5021; x_wconf 89' lang='lat' dir='ltr'>Militat</span> <span class='ocrx_word' id='word_1_270' title='bbox 612 4958 676 5021; x_wconf 88' lang='lat' dir='ltr'><strong>in</strong></span> <span class='ocrx_word' id='word_1_271' title='bbox 704 4958 866 5021; x_wconf 86' lang='lat' dir='ltr'><strong>silvis</strong></span> <span class='ocrx_word' id='word_1_272' title='bbox 895 4959 1149 5022; x_wconf 88' lang='lat' dir='ltr'>catulus.</span> <span class='ocrx_word' id='word_1_273' title='bbox 1242 4957 1424 5020; x_wconf 88' lang='lat' dir='ltr'><strong>Nunc</strong></span> <span class='ocrx_word' id='word_1_274' title='bbox 1457 4957 1670 5020; x_wconf 88' lang='lat' dir='ltr'><strong>adbibe</strong></span> <span class='ocrx_word' id='word_1_275' title='bbox 1702 4977 1850 5040; x_wconf 89' lang='lat' dir='ltr'><strong>puro</strong></span> 
     </span>
    </p>
   </div>
   <div class='ocr_carea' id='block_1_6' title="bbox 355 5040 1873 5192">
    <p class='ocr_par' dir='ltr' id='par_1_16' title="bbox 355 5040 1873 5192">
     <span class='ocr_line' id='line_1_42' title="bbox 355 5040 1873 5192; baseline 0 -86"><span class='ocrx_word' id='word_1_276' title='bbox 355 5040 613 5108; x_wconf 89' lang='lat' dir='ltr'><strong>Pectore</strong></span> <span class='ocrx_word' id='word_1_277' title='bbox 646 5044 841 5129; x_wconf 82' lang='lat' dir='ltr'><strong>verba,</strong></span> <span class='ocrx_word' id='word_1_278' title='bbox 857 5064 1029 5192; x_wconf 47' lang='lat' dir='ltr'><strong>rige-r,</strong></span> <span class='ocrx_word' id='word_1_279' title='bbox 1058 5064 1218 5107; x_wconf 88' lang='lat' dir='ltr'><strong>nunc</strong></span> <span class='ocrx_word' id='word_1_280' title='bbox 1250 5051 1310 5107; x_wconf 88' lang='lat' dir='ltr'><strong>te</strong></span> <span class='ocrx_word' id='word_1_281' title='bbox 1341 5043 1680 5107; x_wconf 85' lang='lat' dir='ltr'><strong>melioribus</strong></span> <span class='ocrx_word' id='word_1_282' title='bbox 1709 5042 1873 5107; x_wconf 85' lang='lat' dir='ltr'><strong>offer.</strong></span> 
     </span>
    </p>
   </div>
   <div class='ocr_carea' id='block_1_7' title="bbox 2374 2668 2438 2718">
    <p class='ocr_par' dir='ltr' id='par_1_17' title="bbox 2374 2668 2438 2718">
     <span class='ocr_line' id='line_1_43' title="bbox 2374 2668 2438 2718; baseline 0.016 -1"><span class='ocrx_word' id='word_1_283' title='bbox 2374 2668 2438 2718; x_wconf 74' lang='lat'><strong>⁴0</strong></span> 
     </span>
    </p>
   </div>
   <div class='ocr_carea' id='block_1_8' title="bbox 2372 3093 2436 3144">
    <p class='ocr_par' dir='ltr' id='par_1_18' title="bbox 2372 3093 2436 3144">
     <span class='ocr_line' id='line_1_44' title="bbox 2372 3093 2436 3144; baseline -0.016 0"><span class='ocrx_word' id='word_1_284' title='bbox 2372 3093 2436 3144; x_wconf 73' lang='lat'><strong>⁴5</strong></span> 
     </span>
    </p>
   </div>
  </div>
 </body>
</html>
