2900 6042
1230 1423 1562 1474 osmi-11.

709 1575 838 1644 Sed
863 1577 1077 1642 incitat
1103 1598 1200 1641 me
1228 1584 1443 1662 pectus
1494 1585 1561 1643 et
1585 1598 1879 1645 mammae
1909 1585 2142 1666 putres,

789 1662 1032 1748 Equina
1059 1665 1268 1748 quales
1296 1657 1508 1745 ubera,

705 1747 1062 1833 venterque
1089 1751 1283 1813 mollis
1333 1756 1400 1814 et
1427 1752 1626 1815 femur
1653 1752 2019 1816 tumentibus

561 1894 577 1912 ,
792 1834 967 1899 Exile
1000 1835 1154 1899 suris
1184 1835 1471 1899 additum.

702 1918 854 1984 Esto
879 1921 1083 2000 beata,
1112 1921 1292 1985 funus
1322 1928 1506 2006 atque
1535 1921 1827 2006 imagines

795 2006 1041 2070 Ducant
1068 2007 1458 2090 triumphales
1488 2014 1680 2085 tuum,

706 2091 844 2155 Nec
874 2091 954 2155 sit
979 2093 1218 2172 marita,
1251 2113 1407 2176 quae
1438 2093 1885 2157 rotundioribus

791 2175 1028 2241 Onusta
1054 2178 1255 2242 baccis
1284 2179 1571 2242 ambulet.

706 2261 889 2342 Quid,
917 2263 1079 2346 quod
1105 2264 1290 2327 libelli
1323 2262 1512 2328 Stoici
1537 2265 1698 2329 inter
1724 2265 1950 2330 sericos

784 2348 831 2412 J
833 2368 1008 2412 acere
1039 2349 1312 2433 pulvillos
1341 2356 1586 2415 amant:

702 2432 984 2498 Illiterati
1011 2456 1156 2498 num
1183 2435 1378 2499 minus
1405 2435 1577 2499 nervi
1605 2434 1835 2520 rigent,

783 2519 1065 2584 Minusve
1094 2521 1345 2604 languet
1368 2519 1710 2586 fascinum?

704 2602 880 2680 Quod
910 2610 983 2668 ut
1003 2605 1266 2689 superbo
1292 2626 1583 2690 provoces
1611 2605 1687 2670 ab
1716 2605 1987 2691 inguine,

787 2689 911 2755 Ore
944 2690 1394 2756 allaborandum
1421 2698 1519 2756 est
1546 2691 1676 2756 tibi.

1005 3116 1517 3184 „CARMEN
1569 3118 1730 3183 IX.

611 3458 887 3536 QUANDO
915 3466 1219 3545 repostum
1250 3458 1597 3524 Caecubum
1619 3460 1698 3526 ad
1725 3461 1913 3526 festas
1941 3461 2130 3547 dapes

697 3545 946 3609 Victore
975 3545 1171 3608 laetus
1201 3543 1464 3608 Caesare

612 3630 839 3696 Tecum
867 3630 979 3694 sub
1009 3631 1235 3694 alta—
1251 3630 1340 3693 sic
1368 3629 1514 3693 Jovi
1540 3636 1788 3714 gratum
1808 3668 1899 3681 —
1918 3632 2118 3712 domo,

692 3715 887 3779 Beate
917 3714 1269 3791 MaecenaS,
1296 3715 1500 3779 bibam

612 3800 876 3866 Sonante
895 3800 1145 3862 mixtum
1175 3801 1332 3863 tibiis
1360 3821 1604 3864 carmen
1629 3800 1789 3884 lyra,

692 3886 832 3949 Hac
863 3885 1137 3963 Dorium,
1164 3885 1281 3948 illis
1308 3885 1629 3949 barbarum
1655 3885 1683 3950 ’ἰ

610 3969 703 4037 Ut
731 3991 945 4054 nuper,
974 3977 1148 4033 actus
1200 3991 1338 4035 curn
1389 3971 1546 4036 freto
1573 3972 1920 4057 Neptunius

694 4057 837 4121 Dux
867 4056 932 4119 fu
976 4057 1023 4119 ‘t
1073 4056 1222 4120 ustis
1249 4056 1523 4138 navibus,

609 4142 880 4208 Minatus
974 4142 1067 4206 rbi
1097 4142 1313 4222 vincla,
1342 4163 1499 4227 quae
1529 4144 1876 4210 detraxerat

701 4228 905 4294 Servis
935 4229 1160 4292 amicus
1188 4229 1454 4313 perfidis.

560 4351 565 4355 ·
610 4311 1042 4392 Romanus‚—
1060 4313 1241 4394 eheu,
1271 4315 1497 4399 posteri
1525 4315 1933 4400 negabitis—

679 4400 1109 4483 Emancipatus
1137 4400 1394 4463 feminae

607 4484 758 4550 Fert
784 4486 1008 4548 vallum
1037 4491 1103 4547 et
1130 4505 1298 4549 arma
1322 4486 1517 4565 miles,
1549 4494 1614 4550 et
1640 4486 2003 4572 spadonibus

698 4569 940 4634 Servire
972 4569 1207 4652 rugosis
1235 4577 1459 4655 potest,

607 4654 897 4740 Interque
927 4656 1101 4737 signa
1129 4654 1306 4739 turpe
1345 4657 1627 4720 militaria

706 4740 810 4806 Sol
838 4741 1094 4825 adspicit
1121 4742 1456 4825 conopiutn.

609 4827 703 4894 At
727 4828 840 4892 huc
869 4827 1196 4891 frementes
1225 4835 1541 4891 verterunt
1565 4827 1658 4892 bis
1687 4828 1847 4893 mille
1877 4849 2065 4914 equos
2181 4800 2190 4809 ’

694 4911 875 4995 Galli,
905 4919 1191 5061 σαιίῧηέθε
1224 4913 1573 4996 Caesarem,

2310 1414 2439 1489 113

2388 1857 2448 1907 10

2371 4255 2431 4307 1⁰
