2900 6042
920 1525 1053 1574 m.
1098 1525 1205 1574 111.
1253 1526 1444 1574 oARM.
1500 1526 1613 1574 XX.

658 1680 793 1757 Quo
823 1680 1039 1746 Chium
1069 1681 1260 1766 pretio
1290 1679 1508 1745 cadum

571 1767 940 1846 Mercemur‚
970 1768 1105 1851 quis
1134 1788 1351 1852 aquam
1382 1745 1682 1853 temperet
1706 1767 1967 1852 ignibus,

655 1853 788 1928 Quo
817 1854 1143 1938 praebente
1176 1854 1414 1917 domum
1445 1860 1509 1918 et
1537 1860 1723 1938 quota

567 1938 837 2024 Pelignis
867 1960 1103 2004 caream
1143 1940 1485 2023 frigoribus,
1514 1947 1702 2017 tac-es.

655 2027 755 2091 Da
780 2027 960 2089 lunae
990 2046 1240 2110 propere
1270 2047 1484 2101 novae,

565 2111 672 2177 vDa.
697 2113 890 2176 noctis
918 2113 1173 2191 mediae,
1205 2112 1306 2192 da,
1340 2133 1515 2196 puer,
1545 2113 1792 2197 auguris

564 2215 573 2224 ·
654 2198 984 2262 Murena-e:
1033 2198 1223 2261 tribus
1252 2206 1360 2261 aut
1386 2220 1602 2262 novem

567 2281 907 2348 Miscentur
936 2284 1169 2368 cyathis
1200 2285 1416 2367 pocula
1445 2285 1788 2352 commodis.

655 2368 773 2444 Qui
801 2369 1013 2433 Musas
1041 2378 1204 2433 amat
1230 2370 1491 2454 impares

566 2455 793 2521 Temos
821 2462 918 2519 ter
947 2456 1195 2540 cyathos
1225 2456 1514 2520 attonitus
1541 2462 1711 2541 petet

654 2540 850 2606 Vates
875 2561 893 2618 ;
939 2547 1064 2604 tres
1094 2541 1369 2625 prohibet
1395 2563 1578 2624 supra

566 2625 860 2691 Rixarum
890 2634 1165 2690 metuens
1186 2633 1436 2709 tangere
1467 2626 1684 2692 Gratia

650 2709 852 2775 Nudis
871 2713 1089 2797 juncta
1117 2712 1434 2776 sororibus.

568 2796 844 2862 Insanire
863 2799 1077 2882 juvat:
1126 2817 1236 2861 cur
1263 2796 1669 2884 Berecyntiae

657 2883 915 2949 Cessant
938 2884 1181 2947 flamina
1213 2883 1444 2948 tibiae?

569 2966 697 3033 Gur
724 2969 949 3054 pendet
979 2970 1165 3034 tacita
1190 2970 1393 3033 fistula
1421 2990 1560 3034 cum
1586 2967 1771 3056 lyra?

653 3056 986 3129 Parcentes
1014 3077 1129 3139 ego
1161 3054 1443 3119 dexteras

569 3137 726 3205 Odi:
772 3162 990 3224 sparge
1019 3162 1222 3218 rosas3
1268 3142 1477 3205 audiat
1501 3139 1742 3207 invidus

654 3227 1022 3307 Dementem
1045 3228 1361 3310 strepitum
1391 3227 1595 3311 Lycus

563 3310 651 3377 Et
678 3313 875 3376 vicina
901 3313 1031 3376 seni
1058 3335 1178 3376 non
1207 3314 1419 3376 habilis
1451 3312 1640 3398 Lyco.

653 3396 862 3483 Spissa
891 3405 951 3462 te
983 3399 1238 3463 nitidum
1267 3420 1459 3479 coma,

562 3480 728 3549 Puro
758 3491 818 3549 te
847 3485 1118 3566 similem,
1148 3485 1439 3568 Telephe,
1468 3481 1767 3570 Vespero,

649 3569 1032 3656 Tempestiva
1058 3572 1211 3655 petit
1241 3571 1492 3634 Rhode:

555 3651 671 3720 'Me
699 3657 898 3721 lentus
929 3655 1229 3742 Glycerae
1260 3662 1453 3720 torret
1481 3675 1649 3720 amor
1673 3674 1869 3721 meae.

908 4081 1366 4148 GARMEN
1424 4083 1614 4150 XX.

563 4423 718 4489 NON
745 4425 935 4506 vides,
966 4433 1190 4511 quanto
1217 4421 1459 4493 moveas
1487 4427 1734 4513 periclo,

561 4509 822 4594 Pyrrhe,
856 4510 1151 4577 Gaetulae
1183 4515 1411 4577 catulos
1439 4512 1733 4577 leaenae?

562 4594 739 4660 Dura
767 4602 901 4680 post
927 4599 1125 4679 paullo
1154 4599 1351 4681 fugies
1380 4599 1645 4662 inaudax

902 4682 1142 4746 Proelia
1169 4691 1376 4766 raptor

565 4764 723 4830 Cum
767 4789 879 4852 per
918 4769 1229 4833 obstantes
1255 4769 1548 4852 juvenum
1580 4772 1856 4833 catervas

562 4850 689 4917 Ibit
715 4853 1006 4936 insignem
1035 4862 1315 4937 repetens
1346 4853 1719 4931 Nearchum,

565 4937 812 5005 Grande
843 4947 1149 5003 certarnen
1207 4939 1314 5003 tibi
1342 4939 1572 5026 praeda
1600 4938 1781 5004 cedat

901 5024 1101 5111 Major
1130 5046 1209 5090 an
1238 5026 1344 5090 illi.

2246 2131 2308 2181 1⁰

2242 2559 2306 2612 15
