<?xml version="1.0" encoding="UTF-8"?>
<!DOCTYPE html PUBLIC "-//W3C//DTD XHTML 1.0 Transitional//EN"
    "http://www.w3.org/TR/xhtml1/DTD/xhtml1-transitional.dtd">
<html xmlns="http://www.w3.org/1999/xhtml" xml:lang="en" lang="en">
 <head>
  <title>
</title>
<meta http-equiv="Content-Type" content="text/html;charset=utf-8" />
  <meta name='ocr-system' content='tesseract 3.04.00' />
  <meta name='ocr-capabilities' content='ocr_page ocr_carea ocr_par ocr_line ocrx_word'/>
</head>
<body>
  <div class='ocr_page' id='page_1' title='image "./workshoracewith00beckgoog/workshoracewith00beckgoog_0205.png"; bbox 0 0 2900 6042; ppageno 0'>
   <div class='ocr_carea' id='block_1_1' title="bbox 204 598 2560 1020">
    <p class='ocr_par' dir='ltr' id='par_1_1' title="bbox 204 598 2560 1020">
     <span class='ocr_line' id='line_1_1' title="bbox 204 598 2560 1020; baseline 0 5022"><span class='ocrx_word' id='word_1_1' title='bbox 204 598 2560 1020; x_wconf 95' lang='lat' dir='ltr'> </span> 
     </span>
    </p>
   </div>
   <div class='ocr_carea' id='block_1_2' title="bbox 379 1350 1640 1418">
    <p class='ocr_par' dir='ltr' id='par_1_2' title="bbox 379 1350 1640 1418">
     <span class='ocr_line' id='line_1_2' title="bbox 379 1350 1640 1418; baseline 0 0"><span class='ocrx_word' id='word_1_2' title='bbox 379 1350 502 1418; x_wconf 83' lang='lat'>188</span> <span class='ocrx_word' id='word_1_3' title='bbox 1192 1370 1640 1418; x_wconf 69' lang='lat' dir='ltr'>nmsrommm</span> 
     </span>
    </p>
   </div>
   <div class='ocr_carea' id='block_1_3' title="bbox 325 1524 2055 3589">
    <p class='ocr_par' dir='ltr' id='par_1_3' title="bbox 377 1524 1736 1610">
     <span class='ocr_line' id='line_1_3' title="bbox 377 1524 1736 1610; baseline -0.001 -20"><span class='ocrx_word' id='word_1_4' title='bbox 377 1525 557 1591; x_wconf 85' lang='lat' dir='ltr'>Mitte</span> <span class='ocrx_word' id='word_1_5' title='bbox 586 1525 754 1590; x_wconf 84' lang='lat' dir='ltr'>leves</span> <span class='ocrx_word' id='word_1_6' title='bbox 783 1544 921 1610; x_wconf 88' lang='lat' dir='ltr'>spes</span> <span class='ocrx_word' id='word_1_7' title='bbox 951 1531 1015 1589; x_wconf 89' lang='lat' dir='ltr'>et</span> <span class='ocrx_word' id='word_1_8' title='bbox 1043 1524 1372 1589; x_wconf 84' lang='lat' dir='ltr'>certamina</span> <span class='ocrx_word' id='word_1_9' title='bbox 1394 1525 1736 1589; x_wconf 84' lang='lat' dir='ltr'>divitiarum</span> 
     </span>
    </p>

    <p class='ocr_par' dir='ltr' id='par_1_4' title="bbox 377 1610 1930 2297">
     <span class='ocr_line' id='line_1_4' title="bbox 380 1610 1930 1677; baseline -0.001 0"><span class='ocrx_word' id='word_1_10' title='bbox 380 1613 464 1677; x_wconf 89' lang='lat' dir='ltr'>Et</span> <span class='ocrx_word' id='word_1_11' title='bbox 497 1610 736 1677; x_wconf 83' lang='lat' dir='ltr'><strong>Moschi</strong></span> <span class='ocrx_word' id='word_1_12' title='bbox 773 1632 1016 1676; x_wconf 87' lang='lat' dir='ltr'>causam</span> <span class='ocrx_word' id='word_1_13' title='bbox 1050 1634 1065 1675; x_wconf 76' lang='lat' dir='ltr'>t</span> <span class='ocrx_word' id='word_1_14' title='bbox 1114 1633 1248 1675; x_wconf 84' lang='lat' dir='ltr'>cras</span> <span class='ocrx_word' id='word_1_15' title='bbox 1277 1619 1418 1674; x_wconf 91' lang='lat' dir='ltr'>nato</span> <span class='ocrx_word' id='word_1_16' title='bbox 1449 1611 1710 1676; x_wconf 81' lang='lat' dir='ltr'>Caesare</span> <span class='ocrx_word' id='word_1_17' title='bbox 1740 1612 1930 1677; x_wconf 84' lang='lat' dir='ltr'>festus</span> 
     </span>
     <span class='ocr_line' id='line_1_5' title="bbox 379 1697 1910 1782; baseline -0.001 -19"><span class='ocrx_word' id='word_1_18' title='bbox 379 1699 505 1764; x_wconf 87' lang='lat' dir='ltr'>Dat</span> <span class='ocrx_word' id='word_1_19' title='bbox 532 1698 766 1761; x_wconf 83' lang='lat' dir='ltr'>veniam</span> <span class='ocrx_word' id='word_1_20' title='bbox 799 1719 1186 1781; x_wconf 87' lang='lat' dir='ltr'>somnumque</span> <span class='ocrx_word' id='word_1_21' title='bbox 1219 1697 1346 1760; x_wconf 88' lang='lat' dir='ltr'>dies</span> <span class='ocrx_word' id='word_1_22' title='bbox 1373 1716 1390 1772; x_wconf 90' lang='lat'>;</span> <span class='ocrx_word' id='word_1_23' title='bbox 1434 1699 1676 1782; x_wconf 89' lang='lat' dir='ltr'>impune</span> <span class='ocrx_word' id='word_1_24' title='bbox 1704 1698 1910 1762; x_wconf 88' lang='lat' dir='ltr'>licebit</span> 
     </span>
     <span class='ocr_line' id='line_1_6' title="bbox 377 1784 1856 1866; baseline -0.002 -17"><span class='ocrx_word' id='word_1_25' title='bbox 377 1785 693 1849; x_wconf 84' lang='lat' dir='ltr'>Aestivam</span> <span class='ocrx_word' id='word_1_26' title='bbox 724 1805 994 1847; x_wconf 82' lang='lat' dir='ltr'>sermone</span> <span class='ocrx_word' id='word_1_27' title='bbox 1024 1784 1282 1866; x_wconf 87' lang='lat' dir='ltr'>benigno</span> <span class='ocrx_word' id='word_1_28' title='bbox 1312 1784 1563 1846; x_wconf 89' lang='lat' dir='ltr'>tendere</span> <span class='ocrx_word' id='word_1_29' title='bbox 1599 1795 1856 1847; x_wconf 87' lang='lat' dir='ltr'>noctem.</span> 
     </span>
     <span class='ocr_line' id='line_1_7' title="bbox 380 1868 1808 1944; baseline -0.001 -11"><span class='ocrx_word' id='word_1_30' title='bbox 380 1868 515 1944; x_wconf 87' lang='lat' dir='ltr'>Quo</span> <span class='ocrx_word' id='word_1_31' title='bbox 543 1870 684 1933; x_wconf 87' lang='lat' dir='ltr'>mihi</span> <span class='ocrx_word' id='word_1_32' title='bbox 715 1871 1011 1933; x_wconf 82' lang='lat' dir='ltr'>fortunam</span> <span class='ocrx_word' id='word_1_33' title='bbox 1066 1870 1115 1933; x_wconf 89' lang='lat' dir='ltr'>si</span> <span class='ocrx_word' id='word_1_34' title='bbox 1148 1891 1265 1933; x_wconf 88' lang='lat' dir='ltr'>non</span> <span class='ocrx_word' id='word_1_35' title='bbox 1295 1870 1643 1933; x_wconf 83' lang='lat' dir='ltr'>conceditur</span> <span class='ocrx_word' id='word_1_36' title='bbox 1671 1868 1808 1933; x_wconf 79' lang='lat' dir='ltr'>nti?</span> 
     </span>
     <span class='ocr_line' id='line_1_8' title="bbox 380 1955 1890 2039; baseline 0 -19"><span class='ocrx_word' id='word_1_37' title='bbox 380 1957 612 2020; x_wconf 87' lang='lat' dir='ltr'>Parcus</span> <span class='ocrx_word' id='word_1_38' title='bbox 641 1956 716 2019; x_wconf 94' lang='lat' dir='ltr'>ob</span> <span class='ocrx_word' id='word_1_39' title='bbox 745 1956 985 2019; x_wconf 88' lang='lat' dir='ltr'>heredis</span> <span class='ocrx_word' id='word_1_40' title='bbox 1015 1976 1219 2019; x_wconf 85' lang='lat' dir='ltr'>curam</span> <span class='ocrx_word' id='word_1_41' title='bbox 1247 1955 1613 2039; x_wconf 90' lang='lat' dir='ltr'>nimiumque</span> <span class='ocrx_word' id='word_1_42' title='bbox 1644 1977 1890 2020; x_wconf 85' lang='lat' dir='ltr'>severus</span> 
     </span>
     <span class='ocr_line' id='line_1_9' title="bbox 380 2042 1776 2126; baseline -0.001 -20"><span class='ocrx_word' id='word_1_43' title='bbox 380 2042 632 2106; x_wconf 86' lang='lat' dir='ltr'>Assidet</span> <span class='ocrx_word' id='word_1_44' title='bbox 659 2063 904 2118; x_wconf 84' lang='lat' dir='ltr'>msan03</span> <span class='ocrx_word' id='word_1_45' title='bbox 952 2049 1161 2125; x_wconf 88' lang='lat' dir='ltr'>pot-are</span> <span class='ocrx_word' id='word_1_46' title='bbox 1191 2050 1256 2104; x_wconf 90' lang='lat' dir='ltr'>et</span> <span class='ocrx_word' id='word_1_47' title='bbox 1284 2062 1570 2126; x_wconf 83' lang='lat' dir='ltr'>spargere</span> <span class='ocrx_word' id='word_1_48' title='bbox 1602 2043 1776 2105; x_wconf 87' lang='lat' dir='ltr'>flores</span> 
     </span>
     <span class='ocr_line' id='line_1_10' title="bbox 381 2127 1826 2212; baseline -0.001 -20"><span class='ocrx_word' id='word_1_49' title='bbox 381 2128 698 2212; x_wconf 83' lang='lat' dir='ltr'>Incipiam,</span> <span class='ocrx_word' id='word_1_50' title='bbox 728 2128 1042 2211; x_wconf 89' lang='lat' dir='ltr'>patiarque</span> <span class='ocrx_word' id='word_1_51' title='bbox 1074 2129 1171 2191; x_wconf 88' lang='lat' dir='ltr'>vel</span> <span class='ocrx_word' id='word_1_52' title='bbox 1199 2127 1569 2191; x_wconf 85' lang='lat' dir='ltr'>inconsultus</span> <span class='ocrx_word' id='word_1_53' title='bbox 1597 2127 1826 2191; x_wconf 78' lang='lat' dir='ltr'>haber-i.</span> 
     </span>
     <span class='ocr_line' id='line_1_11' title="bbox 382 2211 1905 2297; baseline -0.001 -20"><span class='ocrx_word' id='word_1_54' title='bbox 382 2212 543 2288; x_wconf 86' lang='lat' dir='ltr'>Quid</span> <span class='ocrx_word' id='word_1_55' title='bbox 573 2235 692 2277; x_wconf 90' lang='lat' dir='ltr'>non</span> <span class='ocrx_word' id='word_1_56' title='bbox 721 2214 982 2277; x_wconf 75' lang='lat' dir='ltr'>ebrietas</span> <span class='ocrx_word' id='word_1_57' title='bbox 1011 2212 1338 2296; x_wconf 80' lang='lat' dir='ltr'>designat?</span> <span class='ocrx_word' id='word_1_58' title='bbox 1363 2211 1597 2297; x_wconf 88' lang='lat' dir='ltr'>Operta</span> <span class='ocrx_word' id='word_1_59' title='bbox 1623 2212 1905 2293; x_wconf 80' lang='lat' dir='ltr'>recludit,</span> 
     </span>
    </p>

    <p class='ocr_par' dir='ltr' id='par_1_5' title="bbox 325 2298 2019 2979">
     <span class='ocr_line' id='line_1_12' title="bbox 325 2298 2019 2385; baseline 0 -21"><span class='ocrx_word' id='word_1_60' title='bbox 325 2334 338 2345; x_wconf 91' lang='lat'><strong>·</strong></span> <span class='ocrx_word' id='word_1_61' title='bbox 385 2299 539 2385; x_wconf 87' lang='lat' dir='ltr'>Spes</span> <span class='ocrx_word' id='word_1_62' title='bbox 559 2300 739 2384; x_wconf 89' lang='lat' dir='ltr'>jubet</span> <span class='ocrx_word' id='word_1_63' title='bbox 766 2320 898 2363; x_wconf 87' lang='lat' dir='ltr'>esse</span> <span class='ocrx_word' id='word_1_64' title='bbox 929 2301 1116 2379; x_wconf 73' lang='lat' dir='ltr'>ratas,</span> <span class='ocrx_word' id='word_1_65' title='bbox 1144 2298 1221 2362; x_wconf 84' lang='lat' dir='ltr'>ad</span> <span class='ocrx_word' id='word_1_66' title='bbox 1253 2300 1479 2384; x_wconf 84' lang='lat' dir='ltr'>proelia</span> <span class='ocrx_word' id='word_1_67' title='bbox 1505 2299 1698 2363; x_wconf 88' lang='lat' dir='ltr'>trudit</span> <span class='ocrx_word' id='word_1_68' title='bbox 1724 2299 2019 2380; x_wconf 87' lang='lat' dir='ltr'>inertem;</span> 
     </span>
     <span class='ocr_line' id='line_1_13' title="bbox 386 2385 1837 2464; baseline -0.001 -14"><span class='ocrx_word' id='word_1_69' title='bbox 386 2385 666 2450; x_wconf 87' lang='lat' dir='ltr'>Sollicitis</span> <span class='ocrx_word' id='word_1_70' title='bbox 697 2386 908 2449; x_wconf 87' lang='lat' dir='ltr'>animis</span> <span class='ocrx_word' id='word_1_71' title='bbox 938 2406 1085 2449; x_wconf 89' lang='lat' dir='ltr'>onus</span> <span class='ocrx_word' id='word_1_72' title='bbox 1114 2385 1340 2464; x_wconf 87' lang='lat' dir='ltr'>eximit,</span> <span class='ocrx_word' id='word_1_73' title='bbox 1370 2385 1629 2449; x_wconf 80' lang='lat' dir='ltr'>addocet</span> <span class='ocrx_word' id='word_1_74' title='bbox 1659 2393 1837 2449; x_wconf 87' lang='lat' dir='ltr'>artes.</span> 
     </span>
     <span class='ocr_line' id='line_1_14' title="bbox 382 2469 1863 2556; baseline -0.001 -20"><span class='ocrx_word' id='word_1_75' title='bbox 382 2471 655 2536; x_wconf 88' lang='lat' dir='ltr'>Fecundi</span> <span class='ocrx_word' id='word_1_76' title='bbox 685 2473 903 2536; x_wconf 82' lang='lat' dir='ltr'>calices</span> <span class='ocrx_word' id='word_1_77' title='bbox 933 2493 1112 2556; x_wconf 90' lang='lat' dir='ltr'>quem</span> <span class='ocrx_word' id='word_1_78' title='bbox 1141 2493 1262 2534; x_wconf 89' lang='lat' dir='ltr'>non</span> <span class='ocrx_word' id='word_1_79' title='bbox 1289 2471 1492 2536; x_wconf 84' lang='lat' dir='ltr'>fecere</span> <span class='ocrx_word' id='word_1_80' title='bbox 1524 2471 1811 2535; x_wconf 88' lang='lat' dir='ltr'>disertum</span> <span class='ocrx_word' id='word_1_81' title='bbox 1835 2469 1863 2535; x_wconf 72' lang='grc' dir='ltr'>’ἰ</span> 
     </span>
     <span class='ocr_line' id='line_1_15' title="bbox 385 2555 1889 2643; baseline -0.001 -21"><span class='ocrx_word' id='word_1_82' title='bbox 385 2557 712 2622; x_wconf 85' lang='lat' dir='ltr'>Contracta</span> <span class='ocrx_word' id='word_1_83' title='bbox 741 2579 919 2643; x_wconf 91' lang='lat' dir='ltr'>quem</span> <span class='ocrx_word' id='word_1_84' title='bbox 950 2579 1068 2621; x_wconf 88' lang='lat' dir='ltr'>non</span> <span class='ocrx_word' id='word_1_85' title='bbox 1096 2558 1160 2620; x_wconf 88' lang='lat' dir='ltr'>in</span> <span class='ocrx_word' id='word_1_86' title='bbox 1189 2564 1545 2642; x_wconf 83' lang='lat' dir='ltr'>paupertate</span> <span class='ocrx_word' id='word_1_87' title='bbox 1581 2555 1889 2622; x_wconf 76' lang='lat' dir='ltr'>solutum?</span> 
     </span>
     <span class='ocr_line' id='line_1_16' title="bbox 383 2643 1957 2729; baseline 0 -21"><span class='ocrx_word' id='word_1_88' title='bbox 383 2644 559 2709; x_wconf 83' lang='lat' dir='ltr'>Haec</span> <span class='ocrx_word' id='word_1_89' title='bbox 591 2665 704 2728; x_wconf 83' lang='lat' dir='ltr'>ego</span> <span class='ocrx_word' id='word_1_90' title='bbox 732 2664 1057 2729; x_wconf 86' lang='lat' dir='ltr'>procurare</span> <span class='ocrx_word' id='word_1_91' title='bbox 1088 2650 1152 2707; x_wconf 91' lang='lat' dir='ltr'>et</span> <span class='ocrx_word' id='word_1_92' title='bbox 1179 2643 1429 2707; x_wconf 88' lang='lat' dir='ltr'>idoneus</span> <span class='ocrx_word' id='word_1_93' title='bbox 1459 2644 1720 2727; x_wconf 87' lang='lat' dir='ltr'>imperor</span> <span class='ocrx_word' id='word_1_94' title='bbox 1748 2652 1813 2708; x_wconf 88' lang='lat' dir='ltr'>et</span> <span class='ocrx_word' id='word_1_95' title='bbox 1838 2664 1957 2708; x_wconf 90' lang='lat' dir='ltr'>non</span> 
     </span>
     <span class='ocr_line' id='line_1_17' title="bbox 383 2729 1790 2815; baseline 0 -21"><span class='ocrx_word' id='word_1_96' title='bbox 383 2730 642 2810; x_wconf 85' lang='lat' dir='ltr'>Invitus,</span> <span class='ocrx_word' id='word_1_97' title='bbox 672 2751 748 2793; x_wconf 90' lang='lat' dir='ltr'>no</span> <span class='ocrx_word' id='word_1_98' title='bbox 780 2738 956 2815; x_wconf 86' lang='lat' dir='ltr'>turpe</span> <span class='ocrx_word' id='word_1_99' title='bbox 986 2731 1162 2808; x_wconf 84' lang='lat' dir='ltr'>toral,</span> <span class='ocrx_word' id='word_1_100' title='bbox 1192 2751 1269 2792; x_wconf 90' lang='lat' dir='ltr'>ne</span> <span class='ocrx_word' id='word_1_101' title='bbox 1302 2729 1542 2794; x_wconf 82' lang='lat' dir='ltr'>sordida</span> <span class='ocrx_word' id='word_1_102' title='bbox 1569 2751 1790 2815; x_wconf 81' lang='lat' dir='ltr'>mappa</span> 
     </span>
     <span class='ocr_line' id='line_1_18' title="bbox 387 2816 1879 2901; baseline 0.001 -21"><span class='ocrx_word' id='word_1_103' title='bbox 387 2816 688 2901; x_wconf 86' lang='lat' dir='ltr'>Corruget</span> <span class='ocrx_word' id='word_1_104' title='bbox 715 2837 914 2894; x_wconf 87' lang='lat' dir='ltr'>nares,</span> <span class='ocrx_word' id='word_1_105' title='bbox 943 2836 1021 2879; x_wconf 88' lang='lat' dir='ltr'>ne</span> <span class='ocrx_word' id='word_1_106' title='bbox 1050 2838 1168 2879; x_wconf 92' lang='lat' dir='ltr'>non</span> <span class='ocrx_word' id='word_1_107' title='bbox 1199 2823 1262 2878; x_wconf 86' lang='lat' dir='ltr'>et</span> <span class='ocrx_word' id='word_1_108' title='bbox 1290 2817 1614 2880; x_wconf 88' lang='lat' dir='ltr'>cantharus</span> <span class='ocrx_word' id='word_1_109' title='bbox 1644 2825 1709 2880; x_wconf 89' lang='lat' dir='ltr'>et</span> <span class='ocrx_word' id='word_1_110' title='bbox 1737 2818 1879 2881; x_wconf 88' lang='lat' dir='ltr'>lanx</span> 
     </span>
     <span class='ocr_line' id='line_1_19' title="bbox 388 2900 1664 2979; baseline -0.001 -13"><span class='ocrx_word' id='word_1_111' title='bbox 388 2900 686 2967; x_wconf 80' lang='lat' dir='ltr'>Ostendat</span> <span class='ocrx_word' id='word_1_112' title='bbox 716 2902 821 2965; x_wconf 89' lang='lat' dir='ltr'>tibi</span> <span class='ocrx_word' id='word_1_113' title='bbox 856 2909 938 2979; x_wconf 91' lang='lat' dir='ltr'>te,</span> <span class='ocrx_word' id='word_1_114' title='bbox 967 2923 1044 2965; x_wconf 90' lang='lat' dir='ltr'>nc</span> <span class='ocrx_word' id='word_1_115' title='bbox 1076 2901 1225 2965; x_wconf 84' lang='lat' dir='ltr'>fidos</span> <span class='ocrx_word' id='word_1_116' title='bbox 1254 2902 1413 2965; x_wconf 88' lang='lat' dir='ltr'>inter</span> <span class='ocrx_word' id='word_1_117' title='bbox 1442 2902 1664 2965; x_wconf 86' lang='lat' dir='ltr'>amicos</span> 
     </span>
    </p>

    <p class='ocr_par' dir='ltr' id='par_1_6' title="bbox 389 2985 1755 3073">
     <span class='ocr_line' id='line_1_20' title="bbox 389 2985 1755 3073; baseline 0 -22"><span class='ocrx_word' id='word_1_118' title='bbox 389 2985 485 3051; x_wconf 87' lang='lat' dir='ltr'>Sit</span> <span class='ocrx_word' id='word_1_119' title='bbox 513 2988 616 3071; x_wconf 89' lang='lat' dir='ltr'>qui</span> <span class='ocrx_word' id='word_1_120' title='bbox 646 2987 811 3050; x_wconf 88' lang='lat' dir='ltr'>dicta</span> <span class='ocrx_word' id='word_1_121' title='bbox 836 2989 996 3051; x_wconf 86' lang='lat' dir='ltr'>foras</span> <span class='ocrx_word' id='word_1_122' title='bbox 1027 2988 1312 3066; x_wconf 87' lang='lat' dir='ltr'>eliminet,</span> <span class='ocrx_word' id='word_1_123' title='bbox 1341 2994 1412 3050; x_wconf 93' lang='lat' dir='ltr'>ut</span> <span class='ocrx_word' id='word_1_124' title='bbox 1440 2989 1616 3052; x_wconf 65' lang='lat' dir='ltr'>coeat</span> <span class='ocrx_word' id='word_1_125' title='bbox 1642 3009 1755 3073; x_wconf 86' lang='lat' dir='ltr'>par</span> 
     </span>
    </p>

    <p class='ocr_par' dir='ltr' id='par_1_7' title="bbox 383 3071 2055 3589">
     <span class='ocr_line' id='line_1_21' title="bbox 383 3071 1991 3159; baseline -0.001 -21"><span class='ocrx_word' id='word_1_126' title='bbox 383 3071 430 3138; x_wconf 86' lang='lat' dir='ltr'><strong>J</strong></span> <span class='ocrx_word' id='word_1_127' title='bbox 431 3081 813 3157; x_wconf 86' lang='lat' dir='ltr'>ungaturque</span> <span class='ocrx_word' id='word_1_128' title='bbox 843 3075 994 3158; x_wconf 88' lang='lat' dir='ltr'>pari.</span> <span class='ocrx_word' id='word_1_129' title='bbox 1085 3072 1342 3136; x_wconf 81' lang='lat' dir='ltr'>Butram</span> <span class='ocrx_word' id='word_1_130' title='bbox 1371 3074 1481 3137; x_wconf 85' lang='lat' dir='ltr'>tibi</span> <span class='ocrx_word' id='word_1_131' title='bbox 1514 3072 1991 3159; x_wconf 84' lang='lat' dir='ltr'>Septiciumque,</span> 
     </span>
     <span class='ocr_line' id='line_1_22' title="bbox 387 3157 1924 3244; baseline -0.001 -21"><span class='ocrx_word' id='word_1_132' title='bbox 387 3157 472 3223; x_wconf 85' lang='lat' dir='ltr'>Et</span> <span class='ocrx_word' id='word_1_133' title='bbox 498 3159 611 3221; x_wconf 90' lang='lat' dir='ltr'>nisi</span> <span class='ocrx_word' id='word_1_134' title='bbox 641 3179 825 3223; x_wconf 84' lang='lat' dir='ltr'>coena</span> <span class='ocrx_word' id='word_1_135' title='bbox 857 3160 1018 3244; x_wconf 90' lang='lat' dir='ltr'>prior</span> <span class='ocrx_word' id='word_1_136' title='bbox 1046 3160 1356 3243; x_wconf 88' lang='lat' dir='ltr'>potiorque</span> <span class='ocrx_word' id='word_1_137' title='bbox 1387 3161 1589 3244; x_wconf 85' lang='lat' dir='ltr'>puella</span> <span class='ocrx_word' id='word_1_138' title='bbox 1636 3157 1924 3224; x_wconf 85' lang='lat' dir='ltr'>Sabinum</span> 
     </span>
     <span class='ocr_line' id='line_1_23' title="bbox 385 3243 2055 3332; baseline 0.004 -24"><span class='ocrx_word' id='word_1_139' title='bbox 385 3244 657 3324; x_wconf 87' lang='lat' dir='ltr'>Detinet,</span> <span class='ocrx_word' id='word_1_140' title='bbox 690 3265 1026 3321; x_wconf 82' lang='lat' dir='ltr'>assumam3</span> <span class='ocrx_word' id='word_1_141' title='bbox 1070 3246 1236 3310; x_wconf 87' lang='lat' dir='ltr'>locus</span> <span class='ocrx_word' id='word_1_142' title='bbox 1267 3253 1361 3308; x_wconf 89' lang='lat' dir='ltr'>est</span> <span class='ocrx_word' id='word_1_143' title='bbox 1390 3254 1454 3309; x_wconf 87' lang='lat' dir='ltr'>et</span> <span class='ocrx_word' id='word_1_144' title='bbox 1484 3246 1752 3332; x_wconf 90' lang='lat' dir='ltr'>pluribus</span> <span class='ocrx_word' id='word_1_145' title='bbox 1788 3243 2055 3314; x_wconf 81' lang='lat' dir='ltr'>umbris:</span> 
     </span>
     <span class='ocr_line' id='line_1_24' title="bbox 388 3328 1984 3432; baseline 0.001 -38"><span class='ocrx_word' id='word_1_146' title='bbox 388 3328 515 3394; x_wconf 88' lang='lat' dir='ltr'>Sed</span> <span class='ocrx_word' id='word_1_147' title='bbox 541 3330 714 3394; x_wconf 90' lang='lat' dir='ltr'>nimis</span> <span class='ocrx_word' id='word_1_148' title='bbox 745 3337 879 3395; x_wconf 85' lang='lat' dir='ltr'>arta</span> <span class='ocrx_word' id='word_1_149' title='bbox 907 3339 1188 3416; x_wconf 89' lang='lat' dir='ltr'>premunt</span> <span class='ocrx_word' id='word_1_150' title='bbox 1217 3332 1410 3396; x_wconf 82' lang='lat' dir='ltr'>olidae</span> <span class='ocrx_word' id='word_1_151' title='bbox 1442 3331 1715 3396; x_wconf 84' lang='lat' dir='ltr'>convivia</span> <span class='ocrx_word' id='word_1_152' title='bbox 1742 3352 1984 3432; x_wconf 83' lang='lat' dir='ltr'>caprae.</span> 
     </span>
     <span class='ocr_line' id='line_1_25' title="bbox 384 3415 1947 3500; baseline 0.001 -20"><span class='ocrx_word' id='word_1_153' title='bbox 384 3415 479 3480; x_wconf 81' lang='lat' dir='ltr'>Tu</span> <span class='ocrx_word' id='word_1_154' title='bbox 509 3424 724 3500; x_wconf 89' lang='lat' dir='ltr'>quotus</span> <span class='ocrx_word' id='word_1_155' title='bbox 755 3437 886 3481; x_wconf 85' lang='lat' dir='ltr'>esse</span> <span class='ocrx_word' id='word_1_156' title='bbox 918 3418 1064 3481; x_wconf 86' lang='lat' dir='ltr'>velis</span> <span class='ocrx_word' id='word_1_157' title='bbox 1093 3417 1380 3498; x_wconf 80' lang='lat' dir='ltr'>rescribe,</span> <span class='ocrx_word' id='word_1_158' title='bbox 1411 3426 1475 3482; x_wconf 86' lang='lat' dir='ltr'>et</span> <span class='ocrx_word' id='word_1_159' title='bbox 1503 3418 1681 3482; x_wconf 87' lang='lat' dir='ltr'>rebus</span> <span class='ocrx_word' id='word_1_160' title='bbox 1718 3417 1947 3483; x_wconf 70' lang='lat' dir='ltr'>omlssis</span> 
     </span>
     <span class='ocr_line' id='line_1_26' title="bbox 383 3500 1688 3589; baseline 0.002 -23"><span class='ocrx_word' id='word_1_161' title='bbox 383 3500 566 3566; x_wconf 85' lang='lat' dir='ltr'>Atria</span> <span class='ocrx_word' id='word_1_162' title='bbox 591 3510 932 3567; x_wconf 83' lang='lat' dir='ltr'>servantem</span> <span class='ocrx_word' id='word_1_163' title='bbox 959 3504 1186 3589; x_wconf 92' lang='lat' dir='ltr'>postico</span> <span class='ocrx_word' id='word_1_164' title='bbox 1214 3503 1356 3568; x_wconf 83' lang='lat' dir='ltr'>falle</span> <span class='ocrx_word' id='word_1_165' title='bbox 1388 3504 1688 3569; x_wconf 90' lang='lat' dir='ltr'>clientem.</span> 
     </span>
    </p>
   </div>
   <div class='ocr_carea' id='block_1_4' title="bbox 1192 3749 1658 3763">
    <p class='ocr_par' dir='ltr' id='par_1_8' title="bbox 1192 3749 1658 3763">
     <span class='ocr_line' id='line_1_27' title="bbox 1192 3749 1658 3763; baseline 0 0"><span class='ocrx_word' id='word_1_166' title='bbox 1192 3749 1658 3763; x_wconf 95' lang='lat' dir='ltr'> </span> 
     </span>
    </p>
   </div>
   <div class='ocr_carea' id='block_1_5' title="bbox 1033 3933 1821 4002">
    <p class='ocr_par' dir='ltr' id='par_1_9' title="bbox 1033 3933 1821 4002">
     <span class='ocr_line' id='line_1_28' title="bbox 1033 3933 1821 4002; baseline -0.003 -1"><span class='ocrx_word' id='word_1_167' title='bbox 1033 3934 1585 4002; x_wconf 82' lang='lat' dir='ltr'>EPISTOLA</span> <span class='ocrx_word' id='word_1_168' title='bbox 1665 3933 1821 4002; x_wconf 84' lang='lat' dir='ltr'>VI.</span> 
     </span>
    </p>
   </div>
   <div class='ocr_carea' id='block_1_6' title="bbox 382 4106 2104 4964">
    <p class='ocr_par' dir='ltr' id='par_1_10' title="bbox 382 4106 1764 4193">
     <span class='ocr_line' id='line_1_29' title="bbox 382 4106 1764 4193; baseline -0.001 -22"><span class='ocrx_word' id='word_1_169' title='bbox 382 4107 517 4171; x_wconf 77' lang='lat' dir='ltr'>Nn.</span> <span class='ocrx_word' id='word_1_170' title='bbox 547 4107 829 4172; x_wconf 85' lang='lat' dir='ltr'>admirari</span> <span class='ocrx_word' id='word_1_171' title='bbox 858 4129 1042 4193; x_wconf 86' lang='lat' dir='ltr'>prope</span> <span class='ocrx_word' id='word_1_172' title='bbox 1073 4130 1170 4172; x_wconf 88' lang='lat' dir='ltr'>res</span> <span class='ocrx_word' id='word_1_173' title='bbox 1203 4115 1298 4172; x_wconf 88' lang='lat' dir='ltr'>est</span> <span class='ocrx_word' id='word_1_174' title='bbox 1324 4129 1468 4186; x_wconf 88' lang='lat' dir='ltr'>una,</span> <span class='ocrx_word' id='word_1_175' title='bbox 1495 4106 1764 4186; x_wconf 87' lang='lat' dir='ltr'>Numici,</span> 
     </span>
    </p>

    <p class='ocr_par' dir='ltr' id='par_1_11' title="bbox 382 4192 1963 4706">
     <span class='ocr_line' id='line_1_30' title="bbox 386 4192 1963 4278; baseline -0.001 -21"><span class='ocrx_word' id='word_1_176' title='bbox 386 4192 645 4277; x_wconf 88' lang='lat' dir='ltr'>Solaque</span> <span class='ocrx_word' id='word_1_177' title='bbox 699 4214 854 4278; x_wconf 84' lang='lat' dir='ltr'>quae</span> <span class='ocrx_word' id='word_1_178' title='bbox 888 4194 1072 4278; x_wconf 87' lang='lat' dir='ltr'>possit</span> <span class='ocrx_word' id='word_1_179' title='bbox 1099 4196 1301 4258; x_wconf 85' lang='lat' dir='ltr'>facere</span> <span class='ocrx_word' id='word_1_180' title='bbox 1331 4202 1396 4257; x_wconf 91' lang='lat' dir='ltr'>et</span> <span class='ocrx_word' id='word_1_181' title='bbox 1424 4214 1670 4257; x_wconf 84' lang='lat' dir='ltr'>servare</span> <span class='ocrx_word' id='word_1_182' title='bbox 1698 4193 1963 4256; x_wconf 83' lang='lat' dir='ltr'>beatum.</span> 
     </span>
     <span class='ocr_line' id='line_1_31' title="bbox 382 4278 1799 4344; baseline 0 -3"><span class='ocrx_word' id='word_1_183' title='bbox 382 4278 566 4342; x_wconf 86' lang='lat' dir='ltr'>Hunc</span> <span class='ocrx_word' id='word_1_184' title='bbox 597 4280 781 4343; x_wconf 89' lang='lat' dir='ltr'>solem</span> <span class='ocrx_word' id='word_1_185' title='bbox 812 4286 875 4342; x_wconf 91' lang='lat' dir='ltr'>et</span> <span class='ocrx_word' id='word_1_186' title='bbox 903 4281 1106 4343; x_wconf 86' lang='lat' dir='ltr'>stellas</span> <span class='ocrx_word' id='word_1_187' title='bbox 1138 4287 1202 4344; x_wconf 90' lang='lat' dir='ltr'>et</span> <span class='ocrx_word' id='word_1_188' title='bbox 1231 4279 1590 4343; x_wconf 86' lang='lat' dir='ltr'>decedentia</span> <span class='ocrx_word' id='word_1_189' title='bbox 1619 4279 1799 4342; x_wconf 89' lang='lat' dir='ltr'>certis</span> 
     </span>
     <span class='ocr_line' id='line_1_32' title="bbox 382 4363 1909 4450; baseline -0.001 -22"><span class='ocrx_word' id='word_1_190' title='bbox 382 4365 678 4449; x_wconf 84' lang='lat' dir='ltr'>Tempora</span> <span class='ocrx_word' id='word_1_191' title='bbox 707 4367 1018 4429; x_wconf 87' lang='lat' dir='ltr'>momentis</span> <span class='ocrx_word' id='word_1_192' title='bbox 1071 4374 1212 4429; x_wconf 88' lang='lat' dir='ltr'>sunt</span> <span class='ocrx_word' id='word_1_193' title='bbox 1264 4367 1368 4450; x_wconf 90' lang='lat' dir='ltr'>qui</span> <span class='ocrx_word' id='word_1_194' title='bbox 1398 4364 1711 4429; x_wconf 81' lang='lat' dir='ltr'>formidine</span> <span class='ocrx_word' id='word_1_195' title='bbox 1741 4363 1909 4427; x_wconf 84' lang='lat' dir='ltr'>nulla</span> 
     </span>
     <span class='ocr_line' id='line_1_33' title="bbox 382 4449 1917 4534; baseline -0.001 -21"><span class='ocrx_word' id='word_1_196' title='bbox 382 4449 605 4513; x_wconf 85' lang='lat' dir='ltr'>Imbuti</span> <span class='ocrx_word' id='word_1_197' title='bbox 635 4459 950 4534; x_wconf 85' lang='lat' dir='ltr'>spectent:</span> <span class='ocrx_word' id='word_1_198' title='bbox 997 4452 1141 4534; x_wconf 90' lang='lat' dir='ltr'>quid</span> <span class='ocrx_word' id='word_1_199' title='bbox 1172 4473 1382 4516; x_wconf 86' lang='lat' dir='ltr'>censes</span> <span class='ocrx_word' id='word_1_200' title='bbox 1415 4471 1665 4513; x_wconf 86' lang='lat' dir='ltr'>munera</span> <span class='ocrx_word' id='word_1_201' title='bbox 1694 4458 1917 4527; x_wconf 86' lang='lat' dir='ltr'>terrae,</span> 
     </span>
     <span class='ocr_line' id='line_1_34' title="bbox 383 4534 1960 4615; baseline 0.001 -17"><span class='ocrx_word' id='word_1_202' title='bbox 383 4534 542 4609; x_wconf 85' lang='lat' dir='ltr'>Quid</span> <span class='ocrx_word' id='word_1_203' title='bbox 572 4537 752 4599; x_wconf 85' lang='lat' dir='ltr'>maris</span> <span class='ocrx_word' id='word_1_204' title='bbox 783 4546 1078 4601; x_wconf 86' lang='lat' dir='ltr'>extremos</span> <span class='ocrx_word' id='word_1_205' title='bbox 1109 4539 1346 4602; x_wconf 87' lang='lat' dir='ltr'>Arabas</span> <span class='ocrx_word' id='word_1_206' title='bbox 1377 4536 1625 4600; x_wconf 87' lang='lat' dir='ltr'>ditantis</span> <span class='ocrx_word' id='word_1_207' title='bbox 1657 4542 1720 4599; x_wconf 91' lang='lat' dir='ltr'>et</span> <span class='ocrx_word' id='word_1_208' title='bbox 1751 4534 1960 4615; x_wconf 87' lang='lat' dir='ltr'>Indos,</span> 
     </span>
     <span class='ocr_line' id='line_1_35' title="bbox 383 4620 1933 4706; baseline 0 -22"><span class='ocrx_word' id='word_1_209' title='bbox 383 4621 645 4686; x_wconf 87' lang='lat' dir='ltr'>Ludicra</span> <span class='ocrx_word' id='word_1_210' title='bbox 674 4622 840 4706; x_wconf 91' lang='lat' dir='ltr'>quid,</span> <span class='ocrx_word' id='word_1_211' title='bbox 871 4624 1114 4706; x_wconf 86' lang='lat' dir='ltr'>plausus</span> <span class='ocrx_word' id='word_1_212' title='bbox 1147 4632 1211 4687; x_wconf 92' lang='lat' dir='ltr'>et</span> <span class='ocrx_word' id='word_1_213' title='bbox 1239 4624 1411 4687; x_wconf 88' lang='lat' dir='ltr'>amici</span> <span class='ocrx_word' id='word_1_214' title='bbox 1443 4622 1601 4686; x_wconf 86' lang='lat' dir='ltr'>dona</span> <span class='ocrx_word' id='word_1_215' title='bbox 1630 4620 1880 4695; x_wconf 86' lang='lat' dir='ltr'>Quiritis</span> <span class='ocrx_word' id='word_1_216' title='bbox 1905 4620 1933 4684; x_wconf 70' lang='grc' dir='ltr'>’ἓ</span> 
     </span>
    </p>

    <p class='ocr_par' dir='ltr' id='par_1_12' title="bbox 384 4706 1966 4866">
     <span class='ocr_line' id='line_1_36' title="bbox 386 4706 1966 4791; baseline 0.001 -21"><span class='ocrx_word' id='word_1_217' title='bbox 386 4706 517 4780; x_wconf 88' lang='lat' dir='ltr'>Quo</span> <span class='ocrx_word' id='word_1_218' title='bbox 547 4708 876 4791; x_wconf 86' lang='lat' dir='ltr'>spectanda</span> <span class='ocrx_word' id='word_1_219' title='bbox 903 4708 1100 4787; x_wconf 92' lang='lat' dir='ltr'>modo,</span> <span class='ocrx_word' id='word_1_220' title='bbox 1131 4730 1250 4791; x_wconf 88' lang='lat' dir='ltr'>quo</span> <span class='ocrx_word' id='word_1_221' title='bbox 1278 4730 1463 4772; x_wconf 89' lang='lat' dir='ltr'>sensu</span> <span class='ocrx_word' id='word_1_222' title='bbox 1494 4707 1691 4771; x_wconf 88' lang='lat' dir='ltr'>credis</span> <span class='ocrx_word' id='word_1_223' title='bbox 1720 4716 1785 4771; x_wconf 88' lang='lat' dir='ltr'>et</span> <span class='ocrx_word' id='word_1_224' title='bbox 1813 4706 1966 4771; x_wconf 75' lang='lat' dir='ltr'>ore?</span> 
     </span>
     <span class='ocr_line' id='line_1_37' title="bbox 384 4791 1810 4866; baseline 0 -9"><span class='ocrx_word' id='word_1_225' title='bbox 384 4791 504 4866; x_wconf 85' lang='lat' dir='ltr'>Qui</span> <span class='ocrx_word' id='word_1_226' title='bbox 532 4795 704 4857; x_wconf 90' lang='lat' dir='ltr'>timet</span> <span class='ocrx_word' id='word_1_227' title='bbox 731 4793 822 4856; x_wconf 90' lang='lat' dir='ltr'>his</span> <span class='ocrx_word' id='word_1_228' title='bbox 851 4793 1107 4857; x_wconf 85' lang='lat' dir='ltr'>adversa</span> <span class='ocrx_word' id='word_1_229' title='bbox 1159 4796 1287 4858; x_wconf 89' lang='lat' dir='ltr'>fere</span> <span class='ocrx_word' id='word_1_230' title='bbox 1315 4794 1569 4857; x_wconf 88' lang='lat' dir='ltr'>miratur</span> <span class='ocrx_word' id='word_1_231' title='bbox 1599 4793 1810 4857; x_wconf 86' lang='lat' dir='ltr'>eodem</span> 
     </span>
    </p>

    <p class='ocr_par' dir='ltr' id='par_1_13' title="bbox 385 4877 2104 4964">
     <span class='ocr_line' id='line_1_38' title="bbox 385 4877 2104 4964; baseline 0.001 -21"><span class='ocrx_word' id='word_1_232' title='bbox 385 4877 518 4952; x_wconf 85' lang='lat' dir='ltr'>Quo</span> <span class='ocrx_word' id='word_1_233' title='bbox 547 4879 795 4963; x_wconf 89' lang='lat' dir='ltr'>cupiens</span> <span class='ocrx_word' id='word_1_234' title='bbox 847 4887 1061 4964; x_wconf 78' lang='lat' dir='ltr'>pact03</span> <span class='ocrx_word' id='word_1_235' title='bbox 1109 4901 1296 4964; x_wconf 86' lang='lat' dir='ltr'>pavor</span> <span class='ocrx_word' id='word_1_236' title='bbox 1325 4888 1418 4945; x_wconf 89' lang='lat' dir='ltr'>est</span> <span class='ocrx_word' id='word_1_237' title='bbox 1447 4880 1764 4962; x_wconf 84' lang='lat' dir='ltr'>utrobique</span> <span class='ocrx_word' id='word_1_238' title='bbox 1794 4878 2104 4960; x_wconf 84' lang='lat' dir='ltr'>molestus,</span> 
     </span>
    </p>
   </div>
   <div class='ocr_carea' id='block_1_7' title="bbox 2404 1719 2467 1772">
    <p class='ocr_par' dir='ltr' id='par_1_14' title="bbox 2404 1719 2467 1772">
     <span class='ocr_line' id='line_1_39' title="bbox 2404 1719 2467 1772; baseline 0.032 -2"><span class='ocrx_word' id='word_1_239' title='bbox 2404 1719 2467 1772; x_wconf 73' lang='lat'>10</span> 
     </span>
    </p>
   </div>
   <div class='ocr_carea' id='block_1_8' title="bbox 2406 2150 2470 2200">
    <p class='ocr_par' dir='ltr' id='par_1_15' title="bbox 2406 2150 2470 2200">
     <span class='ocr_line' id='line_1_40' title="bbox 2406 2150 2470 2200; baseline -0.016 0"><span class='ocrx_word' id='word_1_240' title='bbox 2406 2150 2470 2200; x_wconf 78' lang='lat'>15</span> 
     </span>
    </p>
   </div>
  </div>
 </body>
</html>
