2900 6042
1182 1603 1313 1651 ΠΒ.
1360 1604 1410 1651 1.
1456 1603 1654 1651 cARM.
1701 1603 1769 1651 X.

1112 1909 1818 1994 CARMENIX.

781 2272 997 2337 Vnms
1051 2279 1122 2336 ut
1150 2273 1274 2336 alta
1295 2280 1418 2336 stet
1444 2272 1584 2336 nive
1615 2271 1941 2337 candidum

787 2350 1064 2438 Soract‘e,
1093 2380 1206 2423 nec
1226 2360 1357 2443 jam
1386 2359 1721 2423 sustineant
1748 2379 1899 2424 onus

838 2443 1072 2510 ·Silvae
1101 2444 1443 2509 laborantes
1498 2447 1759 2530 geluque

950 2530 1232 2594 Flumina
1260 2531 1639 2594 constiterint
1665 2536 1862 2596 acuto.

779 2616 1057 2680 Dissolve
1087 2617 1280 2699 frigus
1308 2617 1474 2699 ligna
1495 2637 1678 2701 super
1705 2617 1838 2681 foco

783 2702 986 2784 Large
1016 2722 1333 2785 reponens,
1365 2711 1550 2785 atque
1579 2702 1898 2784 benignius

868 2788 966 2852 De
1008 2808 1172 2850 rome
1203 2786 1583 2870 quadrimum
1615 2785 1864 2868 Sabina,

1069 2873 1426 2953 thaliarche,
1456 2894 1689 2936 merum
1718 2874 1901 2938 diota.

783 2959 1081 3024 Permitte
1133 2958 1288 3024 divis
1349 2967 1575 3039 cetera,
1604 2959 1709 3043 qui
1736 2959 1913 3024 simul

788 3043 1076 3111 Stravere
1106 3053 1318 3108 ventos
1345 3050 1607 3129 aequore
1636 3045 1870 3110 fervido

870 3131 1329 3214 Deproeliantes
1381 3152 1496 3194 nec
1528 3132 1796 3216 cupressi

952 3216 1089 3280 Nec
1119 3225 1359 3299 veteres
1388 3217 1697 3300 agitantur
1724 3215 1904 3282 orni.

785 3300 946 3376 Quid
976 3303 1056 3366 sit
1082 3291 1353 3366 futurum
1382 3323 1519 3367 cras
1570 3303 1716 3387 fuge
1746 3323 2064 3388 quaerere,
2094 3308 2161 3367 et

784 3386 979 3463 Quem
1003 3388 1155 3452 Fors
1183 3388 1417 3452 dierum
1446 3409 1684 3472 cunque
1715 3389 1884 3455 dabit
1932 3390 2103 3454 lucro

868 3475 1152 3646 Αρέοῃθ,
1181 3496 1294 3539 nec
1319 3473 1529 3540 dulces
1557 3496 1790 3540 amores

1085 3581 1192 3624 rne
1223 3582 1376 3646 puer
1425 3582 1624 3645 neque
1655 3568 1723 3625 tu
1754 3562 2027 3642 choreaS,

783 3646 996 3713 Donec
1025 3648 1244 3712 virenti
1275 3647 1528 3711 canities
1556 3648 1730 3712 abest

779 3733 1045 3800 Morosa.
1130 3731 1314 3796 Nunc
1347 3740 1411 3796 et
1439 3754 1689 3817 campus
1718 3738 1783 3796 et
1810 3751 1989 3797 areae

868 3818 1188 3903 Lenesque
1217 3819 1330 3882 sub
1359 3827 1599 3882 noctem
1628 3818 1859 3882 susurri

958 3904 1300 3987 Composita
1329 3910 1685 3988 repetantur
1710 3903 1899 3983 hora;

783 3988 851 4054 N
850 4010 970 4054 unc
1000 3997 1064 4053 et
1090 3990 1333 4052 latentis
1362 3990 1633 4072 proditor
1659 3989 1869 4053 intimo

785 4073 1015 4142 Gratus
1044 4075 1280 4160 puellae
1310 4076 1468 4139 risus
1500 4075 1574 4139 ab
1604 4075 1849 4158 angulo,

871 4161 1223 4245 Pignusque
1255 4161 1574 4245 dereptum
1600 4161 1845 4225 lacertis
1950 4172 1953 4176 ’
2016 4202 2058 4238 .

957 4246 1092 4311 Aut
1120 4247 1309 4332 digito
1335 4248 1494 4313 male
1523 4246 1841 4334 pertinaci.

1174 4665 1637 4735 GARMEN
1694 4666 1802 4733 X.

788 5013 1099 5081 Mnaoum
1150 5011 1411 5076 facunde
1439 5031 1627 5095 nepos
1655 5008 1950 5090 Atlantis,
2064 5048 2069 5052 -

796 5098 917 5176 Qui
944 5101 1105 5166 feros
1133 5100 1331 5165 cultus
1357 5098 1663 5163 hominum
1693 5103 2006 5162 recentum

2465 3068 2527 3120 10

2468 3494 2532 3545 15
