2900 6042
1120 1544 1248 1593 mn.
1294 1543 1338 1592 1.
1388 1543 1586 1592 1312181.
1638 1542 1727 1590 vt.

371 1695 711 1784 Improvisa
739 1697 913 1763 simul
943 1698 1175 1784 species
1206 1706 1477 1763 exterret
1505 1706 1855 1783 utrumque.

374 1783 661 1850 Gaudeat
689 1807 765 1850 an
800 1784 1023 1865 doleat,
1058 1786 1264 1869 cupiat
1293 1795 1626 1864 metuatne,
1658 1785 1804 1869 quid
1834 1784 1914 1853 ad
1944 1806 2096 1867 rem,
2125 1786 2129 1789 ’

375 1869 444 1937 Si
474 1872 767 1957 quidquid
798 1872 949 1936 vidit
974 1873 1189 1936 melius
1221 1874 1468 1958 pejusve
1499 1893 1609 1937 sua
1639 1894 1745 1956 spe

372 1955 606 2023 Defixis
638 1958 826 2023 oculis
857 1959 1176 2043 animoque
1209 1969 1273 2023 et
1302 1981 1553 2044 corpore
1586 1957 1835 2043 torpet?

374 2043 584 2110 Insani
612 2046 852 2129 sapiens
882 2067 1099 2108 nomen
1129 2046 1308 2124 ferat,
1334 2067 1566 2130 aequus
1597 2045 1811 2130 iniqui,

379 2130 557 2196 Ultra
587 2153 765 2217 quam
799 2132 943 2196 satis
975 2139 1069 2195 est
1098 2132 1381 2196 virtutem
1415 2133 1465 2196 si
1494 2141 1665 2217 petat
1694 2133 1907 2217 ipsam.

376 2216 409 2284 I
438 2239 622 2298 nunc,
654 2226 973 2301 argentum
1004 2226 1067 2282 et
1096 2240 1359 2283 marmor
1390 2228 1563 2283 vetus
1594 2240 1859 2304 aeraque
1892 2226 1957 2283 et
1985 2227 2148 2284 artes

376 2301 654 2389 Suspice,
686 2326 823 2369 cum
856 2306 1107 2388 gemmis
1138 2305 1353 2389 Tyrios
1382 2307 1603 2370 mirare
1634 2308 1864 2371 colores
1892 2324 1908 2380 ;

374 2389 592 2456 Gaude
623 2392 783 2476 quod
814 2400 1096 2476 spectant
1124 2394 1282 2456 oculi
1315 2403 1376 2456 te
1407 2393 1569 2456 mille
1598 2395 1987 2478 loquentem;

371 2476 587 2542 Navus
616 2500 792 2542 mane
824 2479 1018 2542 forum
1050 2487 1116 2542 et
1144 2479 1523 2562 vespertinus
1552 2487 1692 2565 pete
1725 2487 1978 2558 tectum,

370 2563 436 2626 N
439 2586 472 2628 e
505 2566 639 2650 plus
668 2566 954 2628 frumenti
983 2565 1282 2629 dotalibus
1314 2573 1542 2630 emetat
1571 2567 1733 2650 agris

369 2651 585 2716 Mutus
615 2660 700 2728 et,
731 2651 1045 2734 indignum
1077 2652 1236 2734 quod
1267 2652 1368 2729 sit,
1401 2653 1701 2736 pejoribus
1740 2659 1909 2715 ortus

369 2737 493 2805 Hie
528 2739 636 2802 tibi
667 2738 745 2801 sit
776 2739 973 2820 potius
1004 2759 1186 2821 quam
1219 2748 1283 2801 tu
1313 2738 1601 2802 mirabilis
1629 2739 1735 2801 illi.

370 2823 681 2908 Quidquid
711 2825 821 2886 sub
854 2832 1019 2887 terra
1049 2834 1143 2887 est
1170 2824 1231 2887 in
1264 2825 1535 2908 apricum
1567 2825 1835 2909 proferet
1864 2829 2073 2902 aeta-‘³3

367 2909 660 2975 Defodiet
689 2910 1028 2994 condetque
1060 2911 1331 2974 nitentia.
1425 2909 1580 2975 Cum
1608 2912 1762 2976 bene
1792 2917 2001 2974 notum

368 2997 652 3061 Porticus
682 2997 996 3081 Agrippae
1034 3007 1099 3061 et
1127 2998 1224 3060 via
1255 3007 1315 3061 te
1348 2999 1729 3082 conspexerit
1760 2998 1946 3083 Appi,

365 3083 470 3148 Ire
506 3092 705 3147 tamen
739 3094 930 3147 restat
961 3083 1164 3147 Numa
1193 3105 1314 3168 quo
1344 3084 1593 3148 devenit
1621 3095 1686 3149 et
1716 3087 1946 3149 Ancus.

369 3169 437 3235 Si
467 3172 627 3233 latus
657 3178 765 3234 aut
795 3192 971 3233 renes
1003 3172 1206 3234 morbo
1238 3179 1551 3235 tentantur
1581 3179 1759 3236 acuto

366 3255 608 3331 Quaere
640 3258 844 3339 fugam
877 3258 1081 3321 morbi.
1175 3258 1290 3323 Vis
1320 3268 1486 3321 recte
1520 3259 1722 3323 vivere
1751 3280 1766 3322 ε
1814 3258 1947 3342 quis
1976 3252 2146 3320 non?

368 3341 436 3408 Si
468 3345 656 3408 virtus
686 3345 798 3408 hoc
830 3366 951 3408 una
981 3353 1178 3428 potest
1207 3345 1377 3422 dare,
1409 3346 1579 3410 fortis
1608 3345 1837 3410 omissis

364 3429 504 3495 Hoc
537 3452 651 3514 age
683 3430 929 3494 deliciis.
1020 3432 1331 3495 Virtutem
1363 3433 1548 3496 verba
1583 3443 1759 3516 putas
1791 3441 1859 3493 ut

364 3516 598 3582 Lucum
627 3518 827 3600 ligna:
878 3539 1028 3581 cave
1058 3541 1134 3583 ne
1167 3529 1374 3603 portus
1404 3528 1663 3603 occupet
1691 3519 1869 3596 alter,

362 3603 465 3668 Ne
499 3603 870 3688 Cibyratica,
901 3627 977 3669 ne
1008 3605 1279 3689 Bithyna
1308 3606 1553 3687 negotia
1581 3605 1843 3689 perdas;

363 3688 535 3754 Mille
565 3691 796 3755 talenta
825 3693 1248 3767 rot-nudentur,
1281 3692 1531 3754 totidem
1565 3694 1780 3769 altera,
1812 3711 1989 3774 porro
2019 3696 2083 3754 et

361 3776 569 3842 Tertia
596 3778 931 3842 succedant
960 3787 1024 3841 et
1052 3800 1208 3861 quae
1242 3799 1380 3861 pars
1412 3777 1675 3862 quadret
1704 3797 2006 3841 acervum.

364 3860 615 3929 Scilicet
645 3885 890 3928 uxorem
924 3885 1060 3926 cum
1093 3865 1233 3926 dote
1264 3864 1568 3947 fidemque
1600 3871 1663 3926 et
1696 3865 1918 3927 amicos

361 3948 448 4015 Et
476 3972 668 4034 genus
698 3960 762 4014 et
791 3951 1040 4013 formam
1072 3950 1283 4032 regina
1317 3949 1586 4012 Pecunia
1615 3949 1823 4027 donat,

358 4037 460 4102 Ac
491 4039 644 4100 bene
676 4046 1049 4098 nummatum
1082 4035 1331 4099 decorat
1365 4034 1632 4099 Suadela
1663 4036 2019 4119 Venusque.

357 4121 685 4206 Mancipiis
715 4124 981 4206 locuples
1011 4130 1156 4203 eget
1185 4123 1340 4185 aeris
1373 4121 1801 4208 Cappadocum
1834 4144 1980 4186 rex:

359 4209 461 4275 Ne
491 4209 678 4273 fueris
708 4210 805 4273 hic
838 4217 922 4272 tu.
1015 4207 1382 4294 Chlamydes
1413 4210 1727 4287 Lucullus,
1760 4218 1827 4272 ut
1858 4209 2048 4290 aiunt,

361 4294 429 4362 Si
462 4304 662 4380 posset
692 4304 935 4360 centum
965 4317 1183 4360 scenae
1217 4298 1508 4381 praebere
1540 4306 1809 4381 rogatus,

2347 1524 2475 1589 189

2394 4229 2457 4277 40

358 4388 401 4421 ‘⁴
430 4381 549 4458 Qui
579 4405 817 4467 possum
852 4391 940 4446 tot
960 4381 986 4446 ’ἒ
1006 4384 1045 4413 ”
1081 4384 1204 4451 ait:
1254 4392 1520 4447 “tamen
1552 4393 1617 4447 et
1651 4404 1933 4467 quaeram
1964 4388 2027 4447 et
2048 4389 2197 4468 quot
2226 4382 2457 4448 habebo

359 4468 601 4533 Mittam
623 4494 638 4533 ε
658 4471 697 4500 ”
748 4479 881 4554 post
911 4472 1088 4554 paulo
1119 4472 1327 4534 scribit
1357 4471 1469 4534 sibi
1498 4471 1682 4534 millia
1713 4470 1977 4554 quinque

359 4555 514 4620 Esse
545 4557 705 4620 domi
735 4557 1120 4642 chlamydum
1147 4577 1163 4632 ;
1211 4565 1447 4641 partem
1481 4558 1577 4620 vel
1611 4559 1849 4621 tolleret
1879 4575 2105 4620 omnes.

359 4641 550 4707 Exilis
579 4643 790 4707 domus
821 4658 914 4706 est
944 4644 1046 4707 ubi
1075 4665 1195 4706 non
1224 4651 1289 4707 et
1315 4645 1506 4706 multa
1536 4651 1862 4728 supersunt
1911 4640 1921 4649 '

359 4728 446 4794 Et
474 4729 775 4792 dominum
808 4730 1024 4793 fallunt
1056 4740 1120 4793 et
1148 4740 1399 4813 prosunt
1428 4730 1683 4793 furibus.
1776 4730 1962 4814 Ergo,

362 4813 430 4880 Si
460 4837 557 4881 res
586 4817 714 4881 sola
743 4824 942 4901 potest
971 4817 1173 4881 facere
1206 4826 1269 4879 et
1298 4837 1541 4880 servare
1573 4817 1837 4892 beatum,

358 4902 498 4968 Hoc
529 4903 755 4987 primus
785 4911 1025 4988 repetas
1055 4924 1228 4987 opuS,
1258 4904 1369 4966 hoc
1401 4910 1739 4987 postremus
1769 4902 2029 4967 omittas.

360 4986 428 5054 Si
458 4989 832 5054 fortunatum
864 4991 1097 5074 species
1129 4999 1191 5054 et
1225 4990 1424 5073 gratia
1451 4997 1745 5074 praestat,

240 5164 247 5169 ἢ
355 5074 707 5143 Mercemur
734 5097 974 5141 servum
1006 5077 1110 5164 qui
1140 5076 1334 5141 dictet
1360 5077 1623 5158 nomina,
1650 5076 1893 5140 laevum

2389 4661 2455 4709 45
