2900 6042
241 1287 307 1357 104
677 1303 866 1354 sarmaanu

241 1459 471 1546 Unguentarins
486 1480 522 1525 ac
538 1459 630 1525 unci
645 1461 737 1525 turba
750 1462 845 1546 impia
861 1460 931 1538 rici,

242 1547 322 1613 (lum
335 1548 447 1612 scurris
462 1548 569 1626 fartor,
584 1568 654 1611 cum
670 1548 804 1612 Velabro
819 1570 907 1612 omne
922 1547 1097 1628 Macellum,

242 1633 336 1700 Mane
353 1635 473 1698 domum
489 1635 621 1698 veniant.
668 1632 750 1709 Quid
767 1634 855 1699 tum?
900 1632 1026 1699 Venere
1042 1637 1228 1721 frequentes.
1244 1657 1294 1710 mc

242 1720 438 1786 Verbafacit
453 1722 536 1784 leno:
564 1720 719 1805 Quidquid
735 1723 819 1800 mihi,
834 1721 982 1806 quidquid
997 1725 1151 1788 ethorum

242 1807 362 1893 Cuique
377 1808 456 1872 domi
472 1818 529 1886 est,
546 1808 577 1870 id
593 1809 685 1872 crede
702 1816 788 1872 tuum
804 1817 836 1872 et
851 1809 899 1871 vel
914 1830 994 1873 nunc
1012 1819 1083 1894 pete
1100 1812 1149 1876 vel
1165 1831 1244 1876 cras.

245 1895 360 1979 Accipe
375 1895 448 1980 quid
463 1903 569 1959 contra
579 1895 701 1980 juvenis
717 1896 908 1980 responderit
923 1917 1057 1981 aequus:

242 1980 281 2045 In
296 1982 364 2045 nive
381 1981 506 2044 Lucana
521 1982 631 2045 dormis
646 1990 787 2046 ocreatus
802 1992 837 2046 ut
852 2004 958 2068 aprum

243 2066 375 2132 Ooenem
390 2088 464 2151 eg03
488 2076 522 2131 tu
538 2069 635 2154 pisces
650 2069 776 2133 hiberno
791 2092 829 2134 er
844 2091 976 2154 aequore
992 2073 1098 2137 verris.
1246 2089 1296 2140 aas

244 2152 354 2237 Segnis
369 2176 437 2238 ego,
452 2155 594 2238 indignus
609 2156 661 2240 qui
676 2163 795 2220 tantum
811 2157 995 2241 possideam:
1019 2161 1121 2225 aufer:

244 2239 337 2304 Sume
352 2242 406 2305 tibi
423 2241 544 2320 decies;
568 2243 621 2328 tibi
637 2244 826 2307 tantumdem
839 2264 848 2321 ;
869 2243 924 2306 tibi
939 2244 1049 2329 triplex

242 2327 334 2393 Unde
351 2351 427 2393 uxor
441 2329 542 2393 media
556 2330 652 2394 currit
667 2330 705 2394 de
721 2338 810 2394 nocte
826 2337 942 2393 vocata.

243 2414 339 2479 Filius
354 2416 468 2500 Aesopi
485 2416 654 2481 detractam
670 2438 708 2480 ex
723 2438 797 2480 aure
813 2416 971 2495 Metellae,

245 2500 371 2567 Scilicet
384 2512 420 2566 ut
434 2502 535 2568 decies
551 2505 679 2568 solidum
694 2504 880 2583 absorberet,
896 2511 984 2568 aceto

152 2640 155 2645 >
244 2587 343 2654 Diluit
357 2591 507 2674 insignem
523 2592 665 2655 baccam:
690 2595 743 2673 qul
758 2590 859 2653 sanior
874 2611 910 2654 ac
927 2591 952 2654 si

244 2675 326 2740 Illud
341 2677 421 2740 idem
437 2677 467 2741 in
484 2678 620 2760 rapidum
637 2678 747 2740 flumen
758 2678 916 2759 jaceretve
932 2675 1090 2742 cloacaml

245 2759 351 2836 Quinti
368 2765 526 2848 progenies
542 2764 627 2841 Arri,
644 2786 699 2847 par
716 2764 816 2827 nobile
831 2765 970 2841 fratrum,
1034 2764 1048 2789 '
1110 2841 1115 2851 ⁹

245 2848 394 2934 Nequitia
410 2861 441 2913 ct
456 2851 544 2932 nugis
560 2872 720 2934 pravorum
737 2858 769 2913 ct
784 2872 885 2914 amore
901 2850 1074 2933 gemellum,

245 2935 403 3001 Luscinias
418 2937 496 3000 soliti
512 2937 646 3021 impenso
662 2938 812 3020 prandere
828 2940 994 3019 coemptas,

246 3020 396 3097 Quorsum
412 3023 545 3086 abeant?
593 3023 687 3087 Sanin
702 3033 789 3088 creta
803 3045 842 3087 an
857 3024 986 3087 carbone
1002 3023 1153 3090 notandi?

245 3108 421 3174 Aedificare
437 3130 535 3188 casas,
551 3111 688 3194 plostello
705 3111 872 3195 adjungere
888 3131 1001 3189 mures,

247 3194 369 3260 Ludere
385 3218 440 3281 par
455 3197 563 3281 impar,
579 3198 716 3280 equitare
731 3199 763 3260 in
778 3197 925 3260 arundine
942 3197 1043 3282 longa,
1069 3254 1072 3258 .

249 3280 282 3346 Si
298 3302 388 3367 quem
404 3284 538 3347 delectet
552 3284 710 3348 barbatum
727 3284 860 3348 amentia
875 3291 986 3348 verset.

249 3366 284 3433 Si
299 3371 442 3455 puerilius
459 3372 505 3435 his
520 3371 596 3434 ratio
611 3393 677 3434 esse
693 3373 814 3435 evincet
829 3392 943 3449 amare,

248 3454 316 3521 Nec
333 3457 499 3542 quidquam
514 3458 633 3521 differre
649 3468 790 3522 utrumne
806 3459 837 3522 in
853 3459 977 3542 pulvere
993 3456 1100 3522 trimm

248 3540 346 3617 Quale
361 3546 445 3629 prius
460 3545 546 3608 ludas
562 3566 647 3628 opus,
664 3567 702 3608 an
717 3546 885 3609 meretricis
901 3566 1001 3608 amore

250 3628 403 3696 Sollicitus
418 3633 528 3716 plorem
544 3653 658 3716 quaero
673 3633 806 3695 faciasne
822 3631 903 3716 quod
920 3632 990 3696 olim

177 3725 181 3732 ’
247 3716 389 3782 Mutatus
405 3717 573 3783 Polemon?
597 3740 691 3802 ponas
705 3719 834 3802 insignia
849 3718 955 3799 morbi,

250 3803 413 3883 Fasciolas,
428 3805 553 3881 cubital,
568 3805 687 3883 focalia,
703 3814 792 3889 potus
807 3815 842 3868 ut
855 3806 906 3868 ille

249 3889 371 3955 Dicitur
386 3913 424 3954 ex
439 3893 515 3955 collo
531 3891 634 3955 furtim
652 3893 800 3976 carpsisse
816 3912 942 3956 coronas

250 3976 414 4061 Postquam
431 3986 477 4041 est
492 3979 635 4060 impransi
650 3987 808 4062 correptus
824 3999 896 4042 voce
912 3977 1073 4063 magistri?

248 4063 385 4147 Porrigis
401 4063 476 4127 irato
491 4086 585 4147 puero
602 4085 671 4128 cum
687 4086 775 4148 poma
789 4073 929 4134 recusat:

251 4149 356 4228 Sume,
373 4149 499 4215 catella!
523 4160 638 4233 negat3
661 4151 686 4214 si
702 4173 762 4214 non
777 4151 832 4214 des
847 4158 948 4235 optet:
973 4159 1090 4217 amator

250 4236 402 4300 Exclusus
418 4237 470 4320 qui
486 4236 578 4299 distat
594 4238 658 4320 agit
672 4238 724 4300 ubi
739 4259 841 4301 secum
857 4247 908 4300 eat
923 4258 961 4300 an
977 4259 1037 4301 non
1253 4256 1304 4309 aso

251 4323 318 4397 Quo
334 4324 487 4387 rediturus
502 4333 568 4386 erat
582 4346 642 4386 non
658 4325 831 4403 arcessitus,
847 4333 880 4386 ct
893 4324 1001 4386 haeret

252 4408 361 4474 lnvisis
375 4409 514 4473 foribus?
559 4409 628 4474 Nec
644 4431 724 4474 nuuc
740 4434 809 4474 cum
825 4432 873 4474 me
889 4417 978 4473 vocat
991 4410 1072 4474 ultro

250 4495 436 4561 Accedam?
482 4497 533 4559 An
549 4497 648 4580 potius
664 4498 793 4561 mediter
806 4498 893 4560 linire
910 4495 1052 4560 dolores?

253 4582 411 4661 Exclusit3
433 4593 577 4647 revocat:
603 4584 750 4647 redeam?
796 4584 868 4647 Non
886 4583 911 4646 si
926 4583 1073 4647 obsecret
1119 4582 1203 4648 Ecce

254 4667 369 4734 Servus
384 4692 443 4734 non
459 4671 547 4753 paulo
563 4671 743 4755 sapientior:
769 4668 797 4734 Ο
813 4672 898 4748 here,
914 4691 1058 4754 quaeres
1255 4688 1305 4743 ff

254 4754 323 4820 Nec
339 4757 459 4820 modum
474 4756 566 4819 habet
581 4778 680 4841 neque
696 4758 853 4822 consilium
868 4756 983 4820 ratione
999 4756 1148 4840 modoque

254 4840 393 4906 'fractari
407 4865 468 4907 non
482 4843 554 4906 volt.
601 4843 640 4907 In
654 4864 756 4908 amore
771 4844 934 4909 haecsunt
948 4843 1040 4923 mala,
1055 4843 1179 4929 bellum,
