2900 6042
1280 937 1286 944 a

611 1653 803 1719 SATIRA
832 1653 904 1718 VI.

230 1829 303 1897 Hoo
319 1835 386 1894 erat
400 1828 432 1893 in
447 1828 543 1893 votis:
566 1827 673 1892 modus
688 1828 755 1912 agri
769 1850 829 1892 uon
843 1827 889 1892 ita
902 1849 1044 1912 maguus,

229 1917 347 1983 Hortus
363 1916 414 1979 ubi
430 1923 462 1980 et
477 1921 560 1979 tecto
576 1915 692 1979 vicinus
701 1915 787 1999 jugis
802 1936 900 1998 aquae
916 1917 982 1979 lons

229 2003 272 2068 Et
286 2003 408 2089 paulum
424 2003 517 2066 silvae
533 2023 626 2084 super
641 2001 687 2064 his
702 2002 790 2065 foret
836 2002 968 2065 Auctius
983 2010 1076 2087 atque

228 2088 269 2155 Di
286 2090 392 2153 melius
407 2091 517 2153 fecere.
562 2088 648 2151 Beue
664 2095 719 2150 est.
766 2088 820 2150 Nil
836 2089 963 2173 amplius
978 2112 1042 2168 oro,

228 2175 314 2241 Maia
328 2185 411 2253 nate,
427 2176 483 2239 nisi
499 2181 533 2237 ut
548 2175 670 2259 propria
684 2174 760 2237 haec
776 2175 849 2238 mihi
863 2197 990 2239 munera
1005 2176 1092 2241 laxis.
1265 2199 1282 2252 ι

231 2261 378 2348 sineque
395 2263 538 2347 majorem
554 2262 614 2326 feci
630 2262 745 2325 ratione
760 2263 839 2324 mala
855 2283 919 2325 rem

228 2349 297 2414 Nec
313 2371 378 2413 sum
394 2350 530 2413 facturus
547 2349 618 2411 vitio
633 2347 761 2432 culpave
777 2349 921 2411 minorem
936 2368 944 2425 ;

229 2435 263 2501 Si
279 2458 406 2500 veneror
421 2437 531 2499 stultus
545 2436 620 2498 nihil
634 2434 763 2498 horum:
788 2433 847 2500 “O
863 2437 889 2499 si
904 2437 1034 2519 angulus
1049 2437 1100 2502 ille

226 2523 386 2589 Proximus
401 2522 528 2587 accedat
543 2522 595 2605 qui
609 2542 690 2585 nuuc
706 2521 864 2585 denormat
878 2523 1031 2606 agellum!

228 2607 256 2674 0
272 2611 298 2674 si
311 2631 419 2674 urnam
435 2609 554 2692 argenti
569 2609 630 2672 fors
644 2629 723 2692 quae
740 2609 813 2672 mibi
827 2619 984 2690 monstret,
999 2621 1034 2675 ut
1045 2611 1089 2675 illi
1250 2632 1281 2682 ro

226 2696 382 2761 Thesauro
398 2698 519 2759 invento
534 2696 586 2779 qui
602 2695 808 2758 mercenarius
824 2717 931 2777 agrum

225 2781 318 2848 Illum
332 2784 429 2867 ipsum
445 2793 597 2845 mercatus
612 2781 721 2860 aravit,
737 2781 821 2845 dives
842 2783 938 2846 amico
1173 2848 1175 2852 ,

157 2890 163 2902 ·
225 2867 362 2934 Hercule
374 2869 380 2935 l
394 2868 415 2899 ''
438 2869 463 2932 si
480 2868 559 2952 quod
575 2868 662 2932 adest
677 2877 798 2952 gratum
807 2869 908 2954 juvat,
924 2869 981 2933 hec
998 2891 1088 2954 preca
1104 2877 1134 2937 te
1150 2893 1223 2938 orer

225 2953 344 3039 Pingue
360 2976 453 3039 pecus
469 2954 587 3018 domino
602 2955 697 3018 facias
713 2964 745 3020 et
760 2964 864 3019 cetera
879 2964 1003 3036 praeter

223 3039 397 3126 Ingenium,
411 3050 507 3127 utque
524 3043 603 3107 soles
618 3052 719 3107 custos
736 3046 807 3107 mihi
823 3044 971 3109 maximus
985 3044 1078 3112 adsis.
1245 3068 1279 3120 rs

225 3125 309 3212 Ergo
324 3128 375 3190 ubi
391 3149 439 3190 me
451 3129 481 3190 iu
497 3135 613 3190 montes
629 3140 661 3190 et
675 3128 705 3190 iu
721 3149 822 3191 arcem
838 3151 876 3191 ex
890 3131 964 3192 urbe
981 3131 1106 3212 removi,

225 3212 306 3288 Quid
322 3214 404 3298 prius
419 3215 564 3277 illustrem
581 3214 680 3277 satiris
696 3236 841 3298 musaque
858 3214 1016 3299 pedestri?

223 3298 293 3364 Nec
309 3302 387 3364 mala
402 3323 449 3364 me
466 3302 587 3364 ambitio
604 3301 703 3384 perdit
718 3323 775 3364 nec
792 3300 949 3384 plumbeus
965 3303 1082 3369 Auster

224 3387 479 3471 Auetumnusquo
496 3389 608 3469 gravis,
625 3388 774 3451 Libitinae
790 3400 935 3472 quaestus
950 3391 1089 3457 acerbae.

223 3472 377 3538 Matutine
394 3486 491 3559 pater,
507 3497 561 3538 seu
575 3474 598 3537 J
599 3497 655 3538 ane
672 3475 814 3539 libentius
834 3476 932 3553 audis,

222 3558 316 3626 Unde
331 3562 465 3625 homiues
480 3584 604 3641 operum
619 3561 730 3647 primos
746 3562 886 3645 vitaeque
901 3563 1019 3629 labores

222 3644 402 3728 Instituunt,
418 3650 460 3712 sic
477 3649 523 3711 dis
541 3649 694 3733 placitum,
711 3657 744 3712 tu
760 3649 900 3713 carminis
915 3660 980 3714 esto

222 3734 420 3819 Principium.
468 3736 581 3799 Romae
597 3756 771 3819 sponsorem
786 3757 835 3798 me
851 3737 940 3821 rapis.
987 3737 1057 3824 Eja,

223 3819 273 3886 Ne
289 3822 371 3905 prior
386 3822 481 3885 officio
496 3823 655 3906 quisquam
669 3822 863 3905 respondeat,
879 3844 963 3906 urge.

223 3905 295 3972 Sive
310 3907 424 3992 Aquilo
440 3908 520 3972 radit
536 3917 633 3972 terras
648 3930 702 3972 seu
717 3910 825 3973 bruma
840 3910 969 3974 nivalem

222 3992 371 4057 Interiorc
387 3995 467 4058 diem
484 4017 560 4080 gyro
576 3995 679 4074 trabit,
695 3996 739 4059 ire
756 4017 880 4060 necesse
896 4005 951 4060 est

221 4078 396 4158 Postmodo,
411 4081 493 4165 quod
509 4084 549 4144 mi
565 4082 642 4145 obsit
657 4083 739 4146 clarc
755 4092 933 4168 certumque
949 4085 1061 4166 locuto,

220 4165 413 4231 Luctandum
428 4168 458 4230 in
476 4169 565 4232 turba
580 4177 612 4232 et
626 4168 767 4233 facienda
782 4170 891 4254 injuria
907 4171 1011 4235 tardis.

220 4258 240 4290 ‘⁶
255 4252 337 4329 Quid
352 4254 407 4332 vis,
423 4255 539 4333 insane,
556 4266 588 4318 et
603 4276 679 4339 quas
694 4277 744 4319 res
758 4256 845 4339 agis?
855 4257 874 4290 '’
898 4258 1051 4342 improbus
1066 4267 1157 4345 urget

219 4338 312 4405 Iratis
328 4341 489 4424 precibus;
513 4348 533 4378 ‘⁴
547 4352 579 4405 tu
595 4344 695 4426 pulses
711 4365 798 4407 omne
813 4344 895 4427 qrrod
911 4345 1022 4424 obstat,

218 4426 272 4490 Ad
288 4427 499 4491 Maecenatem
514 4429 639 4492 memori
653 4429 679 4492 si
694 4439 794 4493 mente
814 4452 953 4495 recurras
964 4431 977 4495 l
989 4432 1009 4462 ”

218 4511 289 4577 Hoc
300 4515 390 4599 juvat
404 4525 436 4578 et
451 4516 531 4579 melli
548 4526 614 4592 est;
637 4538 696 4579 uon
712 4519 849 4579 mentiar.
896 4518 940 4581 At
955 4519 1043 4582 simul
1058 4526 1141 4586 atras

218 4597 354 4663 Ventum
370 4610 418 4665 est
433 4602 584 4686 Esquilias
600 4603 698 4666 alicua
712 4604 834 4686 negotia
850 4613 973 4669 eentum

218 4683 281 4750 Per
297 4696 389 4771 caput
404 4696 436 4751 ct
450 4689 532 4752 circa
547 4691 659 4753 saliunt
673 4690 763 4753 latus.
809 4697 830 4728 “
845 4693 928 4755 Ante
944 4692 1110 4758 secundam

217 4771 347 4837 Roscius
363 4775 468 4837 orabat
483 4776 540 4838 sibi
555 4776 677 4841 adesses
693 4775 733 4840 ad
749 4776 859 4841 Puteal
874 4779 974 4842 cras.''

217 4858 295 4924 “De
310 4881 344 4925 re
361 4863 509 4925 communi
524 4864 641 4929 scribae
657 4884 769 4948 magua
783 4872 875 4950 atque
890 4873 1014 4932 novate
