2900 6042
1017 1618 1151 1664 LIB.
1198 1617 1245 1663 1.
1296 1617 1494 1663 CARM.
1541 1617 1776 1674 xxxvl.

794 1771 991 1836 Aetas
1017 1771 1043 1835 ’Β
1089 1772 1234 1855 quid
1265 1773 1557 1835 intactum
1586 1773 1805 1835 nefasti

878 1858 1189 1942 Liquimus
1215 1858 1241 1922 ‘2
1287 1859 1447 1922 unde
1480 1880 1720 1921 manum
1740 1859 2030 1943 juventus

705 1943 886 2008 Metu
915 1944 1163 2008 deorum
1194 1945 1488 2009 continuit
1514 1943 1541 2007 ‘2
1586 1946 1803 2028 quibus

708 2029 995 2114 Pepereit
1025 2033 1144 2094 aris
1170 2031 1196 2095 ‘3
1290 2031 1344 2095 Ο
1379 2031 1605 2093 utinam
1638 2053 1793 2095 nova

791 2116 1026 2180 Ineude
1058 2117 1332 2201 diffingas
1364 2128 1634 2180 retusum
1664 2118 1726 2180 in

876 2202 1258 2288 Massagetas
1288 2203 1649 2289 Arabasque
1682 2199 1945 2267 ferrum!

939 2633 1400 2701 GARMEN
1460 2633 1870 2699 XXXVI.

788 2977 885 3043 ΕΤ
913 2978 1090 3042 thure
1123 2983 1185 3042 et
1212 2978 1430 3043 fidibus
1449 2980 1630 3064 juvat

702 3064 958 3129 Plaeare
990 3072 1054 3129 et
1082 3065 1253 3129 vituli
1283 3067 1576 3148 sanguine
1608 3064 1810 3130 debito

791 3150 1088 3215 Custodes
1119 3152 1422 3215 Numidae
1456 3152 1623 3232 de08,

702 3236 821 3314 Qui
850 3260 1010 3302 nuno
1043 3239 1346 3322 Hesperia
1376 3260 1581 3322 sospes
1611 3238 1686 3302 ab
1717 3237 1929 3304 ultima

791 3323 965 3387 Caris
994 3327 1184 3388 multa
1212 3326 1537 3403 sodalibus,

697 3409 870 3475 Nulli
901 3412 1074 3495 plura
1105 3420 1307 3475 tamen
1361 3411 1577 3475 dividit
1606 3412 1813 3476 oscula

789 3495 985 3571 Quam
1016 3499 1177 3561 dulci
1207 3498 1476 3576 Lamiae,
1505 3519 1735 3562 memor

699 3583 902 3648 Actae
932 3606 1053 3648 non
1085 3585 1200 3647 alio
1229 3605 1374 3667 rege
1405 3584 1679 3667 puertiae

786 3669 1186 3754 Mutataeque
1219 3670 1396 3733 simul
1425 3678 1625 3754 togae.

704 3753 925 3820 Cressa
952 3779 1029 3820 ne
1063 3762 1271 3820 careat
1300 3756 1554 3840 pulchra
1582 3756 1712 3820 dies
1739 3762 1907 3838 nota,

784 3842 932 3905 Neu
960 3847 1271 3926 promptae
1303 3842 1517 3904 modus
1548 3841 1895 3927 amphorae,

701 3926 847 3992 Neu
874 3950 1101 3992 morem
1126 3930 1188 3990 in
1223 3926 1454 3990 Salium
1484 3927 1563 3989 sit
1591 3927 1833 4011 requies
1862 3925 2108 4012 pedum,

790 4014 932 4078 Neu
962 4013 1135 4076 multi
1165 4013 1434 4077 Damalis
1465 4013 1616 4075 meri

698 4099 960 4164 Bassum
993 4099 1275 4164 Threicia
1304 4099 1509 4162 vincat
1538 4098 1862 4184 amystide,

788 4186 934 4250 Neu
964 4186 1163 4250 desint
1194 4187 1387 4270 epulis
1417 4206 1614 4266 rosae,

703 4271 848 4337 Neu
878 4274 1057 4336 vivax
1087 4273 1310 4356 apium,
1342 4293 1463 4335 neu
1492 4273 1676 4336 breve
1705 4271 1916 4335 lilium.

789 4358 1015 4424 Omnes
1045 4358 1106 4422 in
1141 4359 1424 4422 Damalin
1456 4366 1663 4441 putres

702 4445 1026 4530 Deponent
1055 4447 1279 4524 oeuIOS,
1308 4466 1422 4509 nee
1455 4443 1727 4509 Damalis
1754 4464 1909 4509 novo

786 4533 1129 4597 Divelletur
1158 4533 1433 4596 adultero

704 4616 974 4686 Lascivis
1002 4619 1242 4683 hederis
1273 4617 1655 4682 ambitiosior.

969 4919 1063 4987 3.

2376 1602 2460 1666 29

2392 2224 2458 2274 40

2286 3777 2453 3828 ·10

2390 4200 2453 4251 15
