2900 6042
1034 1497 1166 1543 Lm.
1212 1496 1262 1544 1.
1308 1496 1508 1543 cARM.
1557 1495 1748 1543 XXXI.

999 1819 1461 1886 CARMEN
1519 1822 1788 1887 XXX.

778 2164 834 2231 Ο
865 2166 1120 2245 VERUS,
1151 2187 1366 2250 regma
1397 2165 1575 2231 Cnidi
1603 2166 1944 2252 Paphique,

771 2251 858 2337 Sp
860 2273 1005 2317 erne
1036 2253 1320 2317 dilectam
1352 2252 1621 2337 Cypron,
1654 2261 1717 2317 et
1747 2254 2018 2319 vocantis

773 2338 978 2404 Thure
1009 2345 1070 2402 te
1101 2340 1288 2402 multo
1321 2276 1625 2422 Glycerae
1656 2339 1939 2405 decoram

1115 2425 1446 2488 Transfer
1431 2447 1494 2488 m
1524 2426 1759 2489 aedem.

763 2509 1065 2576 Fervidus
1093 2517 1299 2574 tecum
1329 2532 1482 2594 puer
1535 2518 1599 2574 et
1630 2511 1839 2576 solutis

767 2588 1029 2663 Gratiae
1049 2597 1211 2659 zonis
1261 2603 1709 2746 properent3ue
1739 2595 2069 2682 Nymphae

766 2681 855 2748 Et
881 2702 1096 2768 pamm
1127 2702 1311 2745 comis
1341 2688 1565 2745 sinete
1642 2690 1898 2748 uventas

1113 2766 1601 2851 Mercuriusque.

960 3201 1420 3269 CARMEN
1478 3199 1803 3269 XXXI.

675 3546 850 3623 Qun>
881 3546 1225 3612 dedicatum
1256 3548 1448 3632 poscit
1480 3546 1830 3633 Apollinem

674 3631 926 3700 Vates?
971 3633 1118 3718 quid
1147 3641 1282 3696 orat
1335 3634 1411 3696 de
1443 3641 1658 3717 patera
1685 3654 1910 3699 novum

757 3719 1048 3783 Fundens
1078 3718 1419 3802 liquorem?
1510 3719 1654 3782 Non
1681 3721 1916 3805 opimae

845 3804 1160 3871 Sardiniae
1168 3811 1431 3889 segetes
1463 3804 1721 3888 feraces,

675 3889 820 3955 Non
851 3897 1164 3953 aestuosae
1197 3897 1374 3971 grata
1406 3856 1722 3954 Calabriae

667 3976 994 4056 Armenta,
1055 3997 1174 4039 non
1205 3996 1417 4037 aurum
1472 3982 1579 4039 aut
1608 3976 1759 4039 ebur
1790 3973 2098 4062 Indicum,

757 4062 902 4126 Non
931 4081 1077 4139 rura
1129 4081 1285 4144 quae
1318 4060 1478 4124 Liris
1508 4062 1715 4145 quieta

842 4146 1089 4211 Mordet
1119 4168 1280 4234 aqua
1330 4148 1667 4212 taciturnus
1696 4146 1956 4248 amnis*

667 4234 963 4299 Premant
994 4229 1224 4297 Calena
1250 4234 1406 4297 falce
1462 4234 1679 4318 quibus
1708 4200 1956 4298 dedit

668 4320 942 4385 Fortuna
994 4320 1203 4402 vitem,
1267 4320 1435 4383 dives
1467 4329 1532 4383 et
1560 4320 1761 4385 aureis
1912 4347 1920 4356 ·

755 4406 1068 4470 Mercator
1098 4407 1364 4470 exsiccet
1394 4407 1631 4470 culullis
1856 4477 1859 4480 .

840 4490 1007 4556 Vina
1038 4490 1198 4576 Syra
1226 4499 1511 4592 reparata
1538 4513 1763 4571 merce,

527 4589 536 4598 ‘
666 4576 781 4643 Dis
811 4597 990 4642 carus
1018 4577 1185 4661 ipsiS,
1215 4579 1436 4661 quippe
1462 4585 1559 4640 ter
1583 4584 1648 4641 et
1677 4583 1895 4661 quater

665 4663 853 4728 Anno
881 4663 1149 4726 revisens
1179 4683 1406 4747 aequor
1432 4662 1816 4727 Atlanticum

750 4749 847 4814 Im
890 4770 1032 4812 u.ne
1122 4748 1230 4812 Me
1261 4754 1518 4832 pascunt
1547 4748 1762 4826 olivae,

916 4856 950 4899 e
982 4835 1280 4913 cichorea,
1310 4835 1598 4917 levesque
1638 4835 1893 4900 malvae.

661 4920 814 4986 Frui
843 4922 1072 5005 paratis
1101 4928 1165 4984 et
1192 4921 1392 4984 valido
1419 4920 1593 4999 mihi,

663 5004 882 5089 Inatoe,
912 5007 1098 5071 dones
1155 5013 1220 5070 et
1271 5028 1488 5092 precor
1543 5007 1783 5089 integra

2356 4343 2420 4393 10

2352 4774 2416 4823 15
