2900 6042
1195 1498 1317 1545 aas
1361 1485 1652 1545 refirma,

389 1650 697 1715 Debemur
725 1651 901 1717 morti
930 1671 1039 1716 nos
1065 1659 1388 1738 nostraque
1414 1675 1430 1715 ε
1483 1652 1608 1716 sive
1639 1657 1921 1736 receptus

390 1737 580 1800 Terra
611 1738 933 1821 Neptunus
964 1739 1183 1802 classes
1212 1739 1587 1824 aquilonibus
1617 1744 1807 1816 arcet,

389 1822 577 1906 Regis
607 1845 778 1908 opus,
810 1824 1104 1887 sterilisve
1150 1825 1256 1888 diu
1312 1825 1485 1909 palus
1516 1831 1776 1908 aptaque
1808 1823 1989 1887 remis

389 1907 639 1972 Vicinas
670 1909 847 1973 urbes
878 1911 984 1972 alit
1015 1917 1078 1972 et
1107 1931 1290 1992 grave
1323 1911 1507 1973 sentit
1537 1917 1826 1987 aratrum,

367 1991 514 2056 *Seu
548 2015 788 2058 cursum
819 1996 1073 2057 mutavit
1102 1997 1367 2079 iniquum
1397 1994 1671 2078 frugibus
1701 1995 1890 2058 amnis

388 2078 618 2143 Doctus
648 2081 765 2144 iter
794 2081 1027 2158 melina,
1058 2082 1331 2144 mortalia
1359 2083 1523 2144 facta
1553 2081 1858 2164 peribunt,

387 2164 631 2228 Nedum
659 2188 997 2229 sermonum
1027 2173 1147 2230 stet
1175 2167 1362 2230 honos
1392 2174 1457 2228 et
1486 2166 1682 2248 gratia.
1710 2165 1907 2228 vivax.

385 2247 584 2314 Multa
619 2259 1010 2314 renascentur
1039 2273 1193 2335 quae
1214 2253 1345 2336 jam
1374 2245 1671 2329 cecidere,
1702 2251 2041 2334 cadentque

385 2333 555 2407 Quae
586 2357 746 2400 nunc
777 2343 918 2400 sunt
946 2337 1009 2399 in
1037 2338 1258 2400 honore
1291 2336 1600 2416 vocabula,
1631 2337 1680 2400 si
1711 2337 1874 2400 volet
1899 2356 2066 2413 usus,

386 2422 577 2491 Quem
608 2443 791 2503 penes
822 2421 1131 2485 arbitrium
1161 2428 1256 2485 est
1284 2429 1348 2484 et
1365 2423 1471 2506 jus
1501 2429 1564 2484 et
1591 2442 1799 2485 norma
1826 2420 2129 2504 loquendi.

383 2503 510 2568 Res
554 2512 766 2590 gestae
811 2528 1148 2591 regumque
1194 2507 1540 2590 ducumque
1586 2511 1650 2568 et
1686 2506 1884 2569 tristia
1909 2507 2071 2571 bella

385 2588 518 2661 Quo
547 2590 725 2653 scribi
756 2598 1000 2674 possent
1028 2612 1299 2670 numero,
1330 2590 1683 2654 monstravit
1712 2590 2035 2655 Homerus.

391 2673 678 2738 Versibus
707 2675 1016 2758 impariter
1032 2676 1262 2759 junctis
1292 2675 1663 2760 querimonia
1691 2676 1969 2758 primum,

384 2759 532 2822 Post
561 2760 741 2823 etiam
771 2760 1003 2824 inclusa
1030 2769 1124 2824 est
1153 2761 1273 2824 voti
1301 2760 1599 2825 sententia
1628 2781 1866 2844 compos
1890 2780 1909 2839 ;

385 2843 534 2917 Quis
566 2852 765 2909 tamen
796 2846 1042 2930 exiguos
1071 2847 1272 2929 elegos
1303 2847 1569 2910 emiserit
1598 2854 1830 2925 auctor,

386 2929 775 2995 Grammatici
805 2938 1041 2996 certant
1070 2939 1135 2995 et
1160 2932 1358 2995 adhuc
1390 2932 1501 2995 sub
1521 2932 1729 3016 judice
1758 2931 1832 2994 lis
1861 2937 1975 2998 est.

381 3016 811 3080 Archilochum
841 3017 1079 3101 proprio
1110 3016 1303 3080 rabies
1333 3019 1587 3081 armavit
1615 3017 1850 3080 iambo:

383 3099 567 3166 Hunc
597 3103 756 3166 socci
786 3124 1003 3188 cepere
1034 3103 1245 3187 pedem
1277 3103 1657 3187 grandesque
1689 3101 1988 3185 cothurni,

385 3187 654 3252 Alternis
684 3197 890 3273 aptum
918 3187 1287 3252 sermonibus
1317 3195 1381 3252 et
1410 3189 1727 3274 populares

390 3272 744 3336 Vincentem
774 3274 1060 3358 strepitus
1091 3281 1156 3337 et
1183 3281 1390 3337 natum
1420 3274 1600 3338 rebus
1629 3273 1900 3357 agendis.

385 3356 564 3423 Musa
591 3358 761 3423 dedit
787 3360 1003 3424 fidibus
1033 3359 1199 3423 divos
1229 3381 1565 3444 puerosque
1597 3360 1843 3423 deorum

383 3443 467 3507 Et
495 3445 755 3528 pugilem
787 3446 1072 3509 victorem
1100 3452 1166 3509 et
1193 3466 1416 3529 equum
1443 3445 1770 3509 certamine
1800 3444 2057 3530 primum

382 3527 467 3593 Et
484 3530 778 3615 juvenum
808 3552 985 3594 curas
1013 3539 1078 3594 et
1103 3531 1294 3595 libera
1326 3532 1462 3594 vina
1490 3531 1741 3595 referre.

382 3614 734 3700 Descriptus
763 3637 1007 3680 servare
1038 3616 1200 3681 vices
1229 3637 1596 3701 operumque
1629 3616 1856 3679 colores

384 3698 510 3763 Cur
537 3721 653 3784 ego
702 3701 753 3765 si
783 3722 1018 3785 nequeo
1051 3701 1378 3785 ignoroque
1432 3705 1615 3785 poeta
1644 3697 1923 3763 salutor‘?

385 3783 511 3849 Cur
537 3786 773 3850 nescire
827 3787 1059 3872 pudens
1088 3809 1273 3886 prave
1327 3808 1506 3870 quam
1534 3786 1764 3850 discere
1796 3783 2003 3850 malo?

381 3871 676 3935 Versibus
706 3873 917 3956 exponi
951 3873 1194 3955 tragicis
1224 3893 1323 3935 res
1352 3872 1579 3935 comica
1605 3893 1724 3934 non
1755 3872 1926 3949 vult;

381 3954 746 4040 Indignatur
773 3958 918 4020 item
947 3956 1190 4042 privatis
1221 3978 1291 4021 ac
1323 3978 1507 4042 prope
1538 3977 1712 4019 socco

382 4042 598 4126 Dignis
629 4043 986 4107 carminibus
1015 4043 1245 4107 narrari
1276 4062 1465 4106 coena
1492 4043 1818 4126 Thyestae.

386 4126 640 4211 Singula
667 4148 941 4212 quaeque
971 4129 1166 4192 locum
1195 4135 1443 4192 teneant
1474 4129 1685 4192 sortita
1719 4127 2026 4192 decenter.

382 4213 697 4277 Interdum
728 4221 931 4277 tamen
960 4221 1025 4278 et
1054 4234 1259 4278 vocem
1290 4214 1595 4279 comoedia
1623 4213 1798 4293 tollit,

382 4300 705 4384 Iratusque
736 4299 1026 4364 Chremes
1055 4299 1283 4364 tumido
1314 4301 1590 4383 delitigat
1618 4319 1720 4363 ore
1749 4317 1767 4374 ;

384 4384 469 4449 Et
498 4386 764 4469 tragicus
792 4387 1144 4470 plerumque
1176 4386 1339 4449 dolet
1366 4406 1639 4449 sermone
1669 4380 1936 4469 pedestri

384 4471 684 4554 Telephus
713 4478 777 4535 et
805 4471 1048 4550 Peleus,
1078 4492 1215 4535 cum
1245 4492 1475 4555 pauper
1497 4478 1561 4534 et
1589 4471 1759 4534 exsul
1789 4477 2045 4553 uterque

384 4557 635 4641 Projicit
664 4558 955 4641 ampullas
987 4567 1049 4620 et
1079 4557 1519 4641 sesquipedalia
1550 4556 1755 4635 verba,

388 4640 455 4707 Si
485 4650 659 4707 curat
686 4664 790 4707 cor
811 4643 1138 4726 spectantis
1169 4642 1434 4724 tetigisse
1470 4641 1738 4725 querela.

385 4727 529 4792 Non
557 4731 701 4793 satis
730 4737 825 4792 est
852 4729 1103 4812 pulchra
1131 4749 1261 4792 esse
1293 4733 1570 4811 poEmata
1596 4746 1612 4803 ;
1659 4724 1859 4788 dulcia
1886 4726 2068 4788 sunto

386 4812 473 4878 Et
522 4834 884 4900 quocunque
926 4816 1129 4878 volent
1177 4813 1437 4877 animum
1469 4811 1755 4876 auditoris
1785 4816 2033 4894 agunto.

387 4899 479 4964 Ut
505 4899 836 4965 ridentibus
865 4901 1152 4977 arrident,
1183 4900 1269 4963 ita
1295 4900 1573 4962 flentibus
1597 4897 1819 4960 adsunt

387 4984 663 5082 Humani
686 4987 927 5051 vultus:
973 4986 1025 5051 ei
1055 4986 1147 5050 vis
1173 5006 1270 5050 me
1300 4986 1444 5050 fiere
1499 4982 1819 5048 dolendum
1858 4986 1956 5045 est

2346 1483 2473 1548 225

2404 2274 2469 2323 ⁷0

2401 2700 2466 2752 ⁷5

2369 4826 2464 4877 100
