2900 6042
693 604 697 613 .

678 626 682 633 .

145 593 1306 987 u

659 674 666 681 .

720 795 821 872 11

634 1325 808 1372 cassum

368 1479 601 1546 Desiderantem
616 1478 696 1563 quod
711 1477 784 1543 satis
799 1485 846 1542 cst
860 1499 959 1562 neque
1143 1533 1148 1551 .
1208 1495 1240 1547 t!

368 1566 597 1631 Tumultuosum
614 1567 755 1629 sollicitat
768 1586 862 1644 marc,

414 1652 483 1717 Nee
498 1673 607 1714 saevus
622 1651 749 1715 Arcturi
764 1651 899 1715 cadentis
1010 1719 1016 1728 ‚

456 1737 592 1820 Impetus
621 1746 674 1800 aut
688 1738 811 1800 orientis
826 1736 940 1816 Haedi,

370 1823 441 1888 Non
456 1823 632 1886 verberatae
648 1824 793 1905 grandine
809 1823 914 1886 vineae

369 1909 555 1992 Fundusque
571 1907 710 1984 mendax,
727 1909 833 1973 arbore
848 1930 929 1972 nuuc
945 1927 1041 1992 aquas

413 1993 562 2076 Culpante
589 2016 669 2058 nunc
685 1996 830 2058 terrentia
844 2014 932 2077 agros

456 2079 564 2144 Sidera
589 2101 668 2143 nunc
684 2082 797 2143 hiemes
811 2081 938 2163 iniquas.

371 2163 536 2230 Contracta
550 2166 647 2248 pisces
662 2187 794 2249 aequora
808 2167 943 2229 sentiunt

367 2251 390 2316 J
391 2253 466 2315 sctis
481 2253 512 2315 in
527 2253 620 2316 altum
636 2254 761 2316 molibus
775 2274 783 2328 ;
806 2254 864 2316 huc
884 2251 1027 2335 frequens

413 2336 578 2402 Casmenta
593 2335 723 2401 demittit
743 2339 914 2423 redempter

456 2423 534 2487 Cum
548 2424 667 2489 famulis
694 2424 890 2507 dominusque
905 2432 1005 2489 terrae

368 2506 561 2575 Fastidiesus.
589 2508 653 2574 Sed
667 2509 768 2574 Timor
782 2517 814 2573 et
828 2510 931 2574 Minae

369 2591 528 2659 Scandunt
542 2597 648 2660 eodem
674 2617 734 2678 quo
749 2596 896 2683 dominns,
925 2614 1025 2680 neque

412 2680 543 2744 Decedit
558 2689 662 2744 aerata
675 2682 801 2760 triremi,
816 2690 848 2743 et

416 2778 425 2795 ·
455 2765 529 2829 Post
543 2766 676 2848 equitem
690 2766 777 2827 sedet
792 2773 858 2828 atra
873 2764 965 2828 Oura.

370 2845 483 2922 Quodsi
508 2851 660 2913 dolentem
674 2868 733 2911 nec
751 2849 904 2932 Phrygius
918 2849 996 2934 lapis

368 2931 437 2998 Nec
452 2956 652 3018 purpurarum
667 2935 765 2998 sidere
774 2936 889 2999 clarior

411 3018 535 3084 Delenit
550 3042 621 3084 usus
648 3041 705 3084 nec
720 3021 852 3087 Falerna

454 3105 535 3171 Vitis
562 3107 860 3194 Achaemeniumque
876 3117 1005 3193 costum,

367 3187 433 3253 Gur
446 3188 614 3257 invidendis
628 3194 762 3277 postibus
776 3201 808 3257 et
822 3216 898 3260 nove

370 3273 503 3341 Sublime
517 3279 578 3342 ritu
593 3280 697 3344 moliar
712 3281 846 3345 atrium?

413 3360 476 3426 Cur
490 3366 568 3428 valle
584 3374 751 3450 permutem
769 3366 880 3432 Sabina

453 3449 581 3516 Divitias
596 3452 806 3538 operosiores?
859 3470 864 3480 ·

558 3879 786 3946 GARMEN
816 3883 882 3948 ΙΙ.

366 4045 551 4110 Aseusmm
566 4048 660 4112 amice
676 4050 850 4133 pauperiem
863 4051 926 4136 pati

366 4130 520 4196 Robustus
535 4133 597 4196 acri
612 4135 717 4197 militia
732 4156 808 4217 puer

406 4215 578 4298 Oondiscat,
594 4226 626 4282 et
640 4219 770 4284 Parthos
783 4221 900 4286 feroces

452 4302 553 4369 Vexet
568 4326 663 4389 eques
678 4308 857 4372 metuendus
871 4309 970 4390 hasta,

366 4387 530 4474 Vrtamque
545 4393 601 4456 sub
616 4392 685 4456 dive
698 4399 731 4457 et
746 4395 872 4479 trepidis
887 4403 961 4482 agat

365 4472 404 4539 In
419 4477 518 4541 rebus.
563 4478 652 4542 Illum
666 4498 704 4542 ex
715 4482 868 4547 moenibus
877 4481 1005 4547 'hosticis

409 4561 551 4627 Matrona
565 4565 703 4629 bellantis
718 4567 839 4645 tyranni

454 4650 643 4734 Prospiciens
658 4659 690 4715 et
706 4635 810 4715 adulta
826 4652 911 4734 virge

366 4728 514 4817 Suspirat,
529 4737 617 4813 eheu,
652 4760 689 4800 ne
705 4738 789 4801 rudis
804 4739 957 4820 agminum

366 4813 500 4900 Sponsus
513 4821 642 4886 lacessat
656 4823 759 4906 regius
773 4844 913 4906 asperum
