2900 6042
1130 1411 1260 1457 mn.
1309 1411 1384 1458 11.
1435 1410 1571 1457 su.
1618 1411 1723 1458 111.
2344 1396 2469 1464 161

390 1563 676 1650 Undique
707 1564 948 1629 dicatur
974 1565 1206 1629 merito.
1296 1562 1414 1639 Qui
1445 1565 1748 1650 discrepat
1776 1566 1909 1632 istis

389 1650 510 1727 Qui
539 1673 808 1715 nummos
836 1672 1167 1735 aurumque
1198 1651 1492 1730 recondit,
1515 1653 1753 1716 nescius
1783 1652 1871 1715 uti

388 1737 745 1822 Compositis
773 1744 1166 1821 metuensque
1198 1737 1364 1801 velut
1393 1739 1741 1822 contingere
1772 1735 2059 1803 sacrum?
2378 1760 2467 1809 110

391 1822 458 1886 Si
487 1824 619 1907 quis
649 1823 727 1886 ad
753 1825 1062 1906 ingentem
1089 1823 1376 1886 frumenti
1406 1845 1644 1908 semper
1672 1844 1955 1887 acervum

389 1909 712 1972 Porrectus
741 1910 948 1992 vigilet
976 1929 1114 1973 cum
1141 1910 1320 1992 longo
1347 1909 1531 1985 fuste,
1565 1930 1761 1992 neque
1789 1910 1953 1973 illinc

388 1995 637 2058 Audeat
665 1997 934 2059 esuriens
966 1995 1235 2058 dominus
1266 1996 1614 2078 contingere
1646 2017 1923 2078 granum,

388 2081 485 2144 Ac
515 2081 710 2164 potius
738 2081 893 2145 foliis
921 2102 1140 2164 parcus
1173 2089 1451 2144 vescatur
1481 2082 1735 2158 amaris;

390 2164 457 2229 Si
493 2166 696 2248 positis
724 2167 886 2231 intus
918 2166 1052 2230 Chii
1083 2167 1422 2250 veterisque
1454 2166 1696 2229 Falerni
2373 2184 2463 2236 115

388 2251 558 2315 Mille
590 2252 754 2315 cadis
774 2288 863 2300 —
885 2253 1031 2315 nihil
1061 2261 1174 2330 est,
1206 2259 1544 2316 tercentum
1572 2253 1852 2331 millibus,
1882 2273 2023 2316 acre

388 2336 569 2399 Potet
597 2345 835 2401 acetum
861 2358 878 2415 ;
924 2359 1061 2421 age,
1093 2339 1142 2401 si
1174 2345 1239 2401 et
1265 2338 1609 2401 stramentis
1638 2337 2092 2420 incubet‚unde-
2158 2413 2169 2423 ·

390 2420 715 2506 Octoginta
744 2444 930 2486 annos
960 2431 1159 2501 natus,
1190 2423 1287 2485 cui
1316 2424 1589 2506 stragula
1617 2423 1820 2500 vesti5‚

387 2509 728 2572 Blattarum
759 2530 830 2572 ac
858 2510 1153 2572 tinearum
1184 2509 1421 2592 epulae,
1454 2515 1762 2593 putrescat
1789 2509 1851 2570 in
1881 2526 2023 2570 arca
2048 2526 2066 2584 ;

388 2592 690 2657 Nimirum
716 2594 961 2679 insanus
991 2594 1196 2678 paucis
1225 2593 1523 2671 videatur,
1553 2614 1625 2656 eo
1660 2593 1820 2678 quod
2373 2612 2463 2661 12⁰

387 2679 657 2743 Maxima
685 2701 823 2763 pars
851 2680 1153 2743 hominum
1181 2679 1384 2742 morbo
1403 2681 1674 2762 jactatur
1716 2678 1947 2742 eodem.

389 2765 578 2828 Filius
609 2772 715 2828 aut
745 2766 924 2829 etiam
952 2766 1103 2829 haec
1137 2765 1387 2829 libertus
1417 2771 1488 2828 ut
1516 2764 1719 2828 ebibat
1745 2765 1944 2839 heres,

390 2849 503 2914 Dis
529 2851 764 2914 inimice
795 2868 1002 2934 senex,
1033 2852 1293 2915 custodis
1319 2849 1346 2914 ἲ
1369 2886 1449 2898 -
1476 2850 1575 2914 Ne
1607 2850 1713 2913 tibi
1743 2847 1949 2913 desit?

391 2935 760 3010 Quantulum
790 2937 949 3000 enim
976 2959 1240 3001 summae
1264 2937 1527 3000 curtabit
1555 2937 1807 3020 quisque
1838 2934 2093 3014 dierum,

389 3021 639 3106 Ungere
669 3023 719 3086 si
750 3024 951 3086 caules
978 3025 1108 3086 oleo
1134 3024 1375 3087 meliore
1408 3032 1707 3106 caputque
2372 3039 2462 3092 125

392 3106 676 3192 Coeperis
703 3109 939 3192 impexa
966 3108 1207 3172 foedum
1237 3109 1536 3193 porrigine
1563 3106 1590 3170 ἲ
1679 3106 1905 3187 Quare,

392 3191 458 3257 Si
487 3193 724 3278 quidvis
756 3195 902 3258 satis
931 3202 1046 3273 est,
1077 3195 1371 3278 perjuraS,
1402 3193 1674 3278 surripiS,
1704 3195 1906 3257 aufers

300 3311 304 3314 ·
394 3278 677 3363 Undique
702 3279 729 3343 ’ἓ
815 3279 950 3343 Tun
1001 3278 1228 3344 sanus?
1317 3280 1613 3364 Populum
1641 3280 1691 3342 si
1722 3280 1976 3343 caedere
2005 3277 2164 3344 saxis

393 3364 652 3449 Incipias
702 3386 980 3429 servosve
1010 3373 1166 3445 tuos,
1195 3387 1344 3449 quos
1373 3387 1514 3429 aere
1546 3365 1796 3449 parada,
1898 3410 1907 3420 ·

393 3450 675 3515 Insanum
703 3459 764 3514 te
794 3472 999 3514 omnes
1028 3452 1198 3534 pueri
1229 3453 1607 3534 clamentque
1639 3451 1908 3534 puellae:
2370 3470 2463 3520 130

392 3531 549 3623 Cum
591 3536 809 3620 laqueo
855 3557 1102 3600 uxorem
1136 3537 1425 3600 interimis
1457 3543 1825 3619 matremque
1868 3540 2119 3614 venene,

392 3620 679 3685 Incolumi
702 3622 897 3706 capite
928 3621 1042 3685 es?
1111 3621 1272 3696 Quid
1302 3623 1485 3702 enim,
1512 3640 1713 3703 neque
1744 3628 1814 3682 tu
1842 3620 1957 3684 hoc
1988 3621 2138 3685 facis
2168 3619 2380 3706 Argia,

387 3706 451 3770 N
453 3728 523 3771 ec
554 3708 715 3771 ferro
743 3716 814 3770 ut
841 3707 1088 3770 demens
1119 3707 1471 3789 genitricem
1500 3706 1720 3769 occidis
1766 3705 2036 3769 Orestes.
2243 3714 2249 3719 “

386 3793 492 3856 An
520 3801 589 3856 tu
618 3793 768 3857 reris
797 3814 935 3856 eum
965 3793 1162 3855 occisa
1187 3792 1476 3854 insanisse
1508 3798 1781 3875 parente,

385 3879 485 3943 Ac
514 3900 635 3941 non
658 3885 797 3958 ante
828 3878 998 3941 malis
1028 3878 1367 3941 dementem
1394 3884 1594 3940 actum
1623 3876 1822 3940 Furiis
1876 3895 2057 3960 quam
2371 3894 2466 3944 135

389 3962 464 4027 In
494 3964 702 4027 matris
721 3965 937 4049 jugulo
965 3963 1191 4027 ferrum
1225 3963 1511 4047 tepefecit
1539 3971 1781 4025 acutum
1808 3961 1834 4025 ⁴?

389 4047 551 4122 Quin
604 4071 680 4113 ex
709 4071 827 4132 quo
858 4056 952 4113 est
978 4050 1216 4113 habitus
1244 4050 1398 4112 male
1432 4055 1597 4111 tutae
1628 4049 1843 4112 mentis
1875 4046 2123 4110 Orestes

389 4135 496 4198 Nil
526 4156 670 4198 sane
700 4135 847 4200 fecit
875 4136 1034 4220 quod
1065 4142 1131 4198 tu
1161 4134 1599 4218 reprehendere
1640 4135 1862 4219 possis:

349 4251 355 4255 ·
390 4221 532 4285 Non
564 4221 840 4306 Pyladen
869 4221 1029 4285 ferro
1059 4222 1279 4284 violare
1316 4241 1571 4285 aususve
1601 4241 1863 4284 sororem

390 4307 719 4386 Electram,
747 4315 980 4370 tantum
1008 4307 1313 4370 maledicit
1339 4307 1581 4389 utrique
1612 4306 1881 4369 vocando
2372 4322 2465 4372 140

390 4391 568 4457 Hanc
599 4393 865 4468 Furiam,
895 4394 1053 4456 hunc
1083 4393 1245 4456 aliud
1287 4393 1472 4477 jussit
1500 4392 1659 4474 quod
1690 4389 2005 4475 splendida
2029 4388 2187 4454 bilis.
2255 4462 2262 4468 ⁸

388 4478 633 4562 Pauper
664 4478 935 4563 Opimius
965 4479 1200 4561 argenti
1230 4479 1403 4562 positi
1432 4478 1593 4540 intus
1623 4484 1685 4540 et
1715 4477 1868 4556 auri,

391 4563 510 4637 Qui
538 4563 944 4629 Veientanum
975 4564 1142 4627 festis
1172 4571 1377 4647 potare
1409 4563 1618 4625 diebus

378 4648 701 4734 Campana
728 4651 935 4714 solitus
966 4650 1145 4712 trulla
1177 4669 1550 4733 vappamque
1582 4647 1880 4732 profestis,

390 4733 706 4809 Quondam
735 4737 1009 4818 lethargo
1039 4735 1254 4819 grandi
1284 4742 1376 4798 est
1405 4755 1746 4818 oppressu8‚
1776 4742 1846 4797 ut
1871 4734 2051 4797 heres
2373 4755 2460 4806 1⁴:

386 4820 532 4886 Jam
561 4822 784 4885 ci'rcum
815 4822 1038 4885 loculos
1069 4829 1131 4883 et
1161 4821 1361 4883 claves
1389 4822 1585 4884 laetus
1614 4841 1917 4904 ovansque

390 4905 703 4971 curreret.
793 4906 975 4970 Hunc
991 4907 1272 5055 &tedicus
1302 4908 1555 4970 multum
1584 4907 1747 4971 celer
1777 4917 1958 4991 atque
1996 4905 2191 4972 fidelis
