2900 6042
178 1286 241 1348 144
608 1248 793 1342 staminum

181 1456 248 1518 Hoc
264 1473 321 1535 ego
336 1449 518 1514 commodius
532 1469 623 1532 quam
638 1454 683 1526 tu,
698 1449 853 1532 praeclare
868 1452 1000 1525 senator,

180 1539 316 1604 Millrbua
332 1544 425 1621 alque
440 1534 507 1599 aliis
524 1536 601 1597 vivo.
648 1533 840 1618 Quocunque
855 1531 948 1597 libido
962 1539 1019 1611 est,

181 1625 296 1689 Incede
310 1624 400 1699 solus,
416 1628 575 1705 percontor
590 1620 694 1701 quanti
710 1620 774 1681 olus
789 1639 824 1681 ao
839 1619 904 1695 far3

181 1712 333 1774 Fallaoem
351 1706 471 1771 Circum
488 1706 750 1789 vespertinumque
765 1724 888 1787 pererro

184 1796 282 1878 Saepe
298 1795 421 1865 Forum;
436 1792 548 1855 adsiste
566 1791 687 1864 diuinis3
700 1791 770 1853 inde
785 1790 906 1852 domum
920 1806 968 1850 me

183 1883 235 1946 Ad
252 1881 331 1964 porri
347 1886 377 1941 et
393 1878 498 1941 ciceris
514 1877 612 1940 refero
627 1877 787 1958 laganique
803 1876 936 1938 catinum
949 1893 959 1951 3

185 1966 286 2030 Coena
300 1965 487 2028 ministratur
501 1963 601 2047 pueris
616 1962 722 2040 tribus,
738 1970 770 2024 et
783 1961 860 2043 lapis
874 1960 959 2022 albus

183 2053 298 2115 Pocula
313 2072 381 2113 eum
396 2049 506 2133 cyatho
521 2048 581 2110 duo
596 2047 735 2123 sustinet3
750 2047 850 2110 adstat
866 2045 989 2107 echinus

184 2138 274 2215 Vilis,
290 2158 358 2200 oum
373 2142 478 2219 patera
493 2142 609 2215 guttus,
625 2132 780 2215 Campana
793 2132 939 2215 supellex.

185 2222 304 2287 Deinde
320 2242 355 2284 eo
371 2220 541 2299 dormitum,
557 2240 617 2281 non
632 2218 778 2281 sollicitus
789 2217 859 2280 mihi
874 2215 955 2300 quod
969 2233 1041 2278 oras

187 2307 379 2389 Surgendum
394 2307 433 2369 sit
447 2326 546 2380 mane,
562 2304 716 2367 obeundus
732 2303 868 2387 Marsya,
883 2301 935 2386 qui
950 2321 982 2364 se

186 2393 313 2457 Voltum
329 2393 407 2454 ferre
423 2398 516 2473 negat
531 2390 701 2453 Noviorum>
711 2411 797 2473 posse
816 2388 948 2451 minoris.

186 2479 238 2543 Ad
254 2486 392 2562 quartam
403 2478 509 2561 jaee0;
532 2484 599 2559 post
612 2476 690 2538 hano
706 2494 812 2558 uagom
825 2480 879 2537 aut
893 2493 960 2555 ego,
973 2471 1053 2534 lecto

186 2566 253 2628 Aut
268 2565 378 2647 scripte
393 2561 473 2644 quod
488 2582 536 2623 mo
553 2562 677 2624 tacitum
687 2561 788 2644 juvet,
803 2580 900 2643 ungor
910 2557 998 2638 olivo,

187 2650 259 2714 Non
274 2671 333 2732 quo
347 2648 494 2710 fraudatis
509 2647 678 2709 immundus
693 2647 792 2709 Natta
805 2645 947 2709 lucernis.

187 2737 248 2799 Ast
263 2736 314 2798 ubi
328 2756 375 2796 me
391 2734 502 2795 fessum
517 2734 560 2795 sol
579 2733 675 2795 acrior
689 2733 733 2795 ire
748 2734 882 2796 lavatum

188 2821 354 2884 Admonuit
380 2820 462 2901 fugio
479 2817 625 2902 Campum
640 2819 798 2901 lusumque
814 2818 971 2900 trigonem.

189 2905 322 2969 Pransus
336 2927 395 2967 non
411 2905 509 2982 avide,
525 2916 669 2988 quantum
684 2905 856 2988 interpellet
870 2901 951 2965 inani

151 3059 153 3062 ,
188 2991 306 3054 Ventre
322 2990 401 3053 diem
417 2991 538 3069 durare,
554 2991 733 3054 domesticus
748 2990 834 3053 otior.
879 2986 966 3050 Haeo
981 2990 1029 3048 eat

188 3076 263 3140 Vita
277 3078 440 3140 solutorum
454 3076 564 3139 misera
578 3076 737 3139 ambitione
760 3074 905 3158 gravique
920 3092 929 3149 ;

188 3161 247 3226 His
261 3185 309 3225 me
325 3163 460 3226 consolor
474 3163 624 3224 victurum
638 3161 759 3224 suavius
786 3181 821 3224 ao
836 3160 862 3222 si
1183 3172 1230 3222 1³⁰

190 3246 338 3367 Quaestor
353 3253 527 3332 avua,pater
542 3252 632 3330 atque
648 3266 733 3309 meus
749 3254 933 3331 patruusque
946 3241 1064 3306 fuisset.

592 3493 823 3504 ’-
974 3482 976 3486 ‘
1125 3473 1155 3549 1¹l

528 3670 893 3737 SATIRAVII.

190 3845 384 3919 Paoseamm
403 3844 496 3928 Regis
512 3844 613 3927 Rupili
629 3865 684 3926 pus
700 3850 790 3926 etque
806 3863 954 3907 venenum

192 3931 334 4015 Hybrida
348 3952 407 4013 quo
422 3939 510 4013 paeto
525 3930 564 3993 sit
580 3930 701 3992 Persius
716 3930 808 4008 ultus,
824 3929 929 4013 opinor

193 4015 338 4079 Omnibus
355 4026 385 4078 et
399 4016 487 4099 lippis
502 4024 605 4078 notum
621 4022 653 4077 et
666 4016 833 4078 tonsoribus
855 4035 932 4077 esse.

194 4102 315 4164 Persius
330 4102 378 4164 hie
395 4122 558 4184 permagna
571 4102 692 4183 negotia
707 4101 791 4164 dives
805 4100 936 4163 habebat

195 4186 390 4264 Clazomenis,
405 4187 495 4249 etiam
512 4188 579 4249 lites
595 4208 662 4249 eum
679 4187 764 4269 Rege
780 4188 930 4262 molestas,

194 4272 298 4336 Durus
314 4273 400 4334 homo
415 4281 506 4354 atque
522 4273 589 4334 odio
604 4273 656 4354 qui
670 4280 771 4355 posset
787 4273 906 4335 vincere
923 4271 1052 4353 Regem,

196 4357 355 4421 Confidens
371 4359 573 4440 tumidusque,
589 4359 664 4420 adeo
679 4358 822 4420 sermonis
838 4357 932 4420 amari

197 4442 339 4508 Sisennae
365 4444 476 4506 Barros
492 4452 526 4506 ut
541 4445 625 4526 equis
640 4451 852 4526 praecurreret
866 4443 951 4506 albis.

196 4529 248 4595 Ad
264 4529 381 4611 Regem
396 4529 496 4591 redeo.
543 4529 706 4612 Postquam
722 4529 795 4591 nihil
810 4530 890 4592 iuter
903 4536 1066 4610 utrumque

198 4613 356 4692 Convenit,
374 4616 448 4699 (hoe
466 4616 576 4678 etenim
593 4623 664 4678 sunt
680 4637 783 4678 omnes
794 4616 865 4698 'iure
881 4613 999 4677 molesti

199 4700 265 4774 Quo
279 4701 372 4763 fortes
399 4703 506 4782 quibus
521 4704 679 4762 adversum
695 4701 806 4762 bellum
821 4700 946 4763 incidit:
969 4698 1051 4761 inter

199 4785 336 4850 Hectora
351 4785 524 4847 Priamiden
539 4786 701 4848 animosum
717 4794 809 4870 atque
825 4787 904 4848 inter
919 4784 1070 4848 Achillem

131 4958 157 4996 k
