2900 6042
192 1343 256 1412 202
563 1354 568 1362 ·
602 1359 826 1411 mrsrotsnou

190 1515 273 1584 Num
288 1515 422 1598 demillo
437 1515 525 1581 iubes
540 1515 646 1580 modiis
660 1537 730 1581 oum
744 1514 870 1600 surripis
883 1535 989 1595 unum,
1203 1534 1237 1588 ss

190 1600 344 1670 Damnum
358 1610 477 1667 estnon
492 1602 608 1667 facinus
623 1603 695 1666 mibi
709 1610 799 1688 puoto
814 1601 910 1665 lenius
923 1601 1015 1666 isto.'’

191 1690 252 1755 Vir
265 1690 372 1768 bouus,
387 1710 473 1753 omne
488 1689 586 1752 forum
603 1709 694 1772 quom
708 1697 828 1773 spectat
842 1694 874 1752 et
888 1708 976 1753 omne
991 1686 1136 1770 tribuual,

192 1775 439 1858 Quandocumque
455 1774 527 1838 deos
543 1775 591 1837 vel
607 1795 697 1858 poreo
713 1775 761 1837 vel
776 1774 852 1838 bove
868 1774 981 1857 placet,

190 1861 271 1926 June
287 1860 392 1946 pater!
415 1862 506 1938 eluro,
522 1862 603 1924 clare
619 1881 688 1924 oum
703 1861 790 1938 dixit,
806 1859 934 1944 Apollo!

191 1945 292 2012 Imbro
306 1954 406 2010 movet
420 1953 558 2010 metuens
573 1946 670 2009 audiri
684 1967 692 2010 ε
717 1952 739 1984 “
750 1945 883 2010 Pulchre
897 1944 1049 2028 Lauerna,
1204 1969 1237 2023 fic

191 2033 242 2098 Du
255 2032 328 2096 mihi
343 2032 460 2111 follere,
475 2032 514 2095 du
524 2033 609 2117 justo
623 2039 790 2116 sanctoque
806 2031 913 2112 videri,

191 2118 322 2183 Noctem
340 2118 472 2202 peccatis
487 2128 519 2182 et
533 2117 689 2182 fraudibus
704 2119 801 2204 objice
816 2117 961 2181 nubem.”

192 2202 251 2278 Qui
266 2205 371 2270 melior
385 2225 483 2283 servo,
498 2204 549 2288 qui
564 2203 686 2267 liberior
700 2205 741 2267 sit
755 2225 876 2279 avarus,

191 2289 230 2354 In
245 2291 341 2354 triviis
355 2291 446 2354 fixum
462 2310 531 2353 cum
546 2310 579 2352 se
595 2288 727 2353 demittit
741 2291 779 2354 ob
794 2311 904 2369 assem,

191 2374 224 2439 N
225 2398 263 2439 on
280 2375 385 2453 video;
407 2396 478 2439 num
493 2376 545 2459 qui
560 2377 663 2459 cupiet
676 2385 793 2439 metuet
807 2395 947 2460 quoque3
970 2396 1071 2461 porro,

192 2460 252 2536 Qui
267 2469 404 2526 metuens
420 2462 501 2525 vivet
514 2462 591 2525 liber
605 2461 676 2526 mihi
691 2483 752 2525 non
767 2462 826 2526 erit
839 2483 984 2546 uuquam.

192 2546 331 2612 Perdidit
345 2569 440 2624 orma,
457 2548 556 2611 losum
571 2547 692 2610 virtutis
707 2547 853 2627 deseruit,
867 2547 921 2633 qui

196 2631 324 2717 Semper
337 2635 369 2697 in
383 2633 523 2718 augenda
536 2633 661 2696 festinat
676 2641 708 2697 et
722 2634 859 2698 obruitur
873 2654 916 2698 re.

192 2719 337 2785 Vendere
352 2742 421 2784 oum
436 2720 530 2803 possis
544 2720 697 2803 captivum
712 2719 850 2784 occidere
865 2719 942 2798 noli;

194 2802 315 2869 Serviet
330 2807 464 2869 utiliter:
486 2806 551 2868 sine
566 2813 672 2890 paseat
686 2805 780 2869 durus
795 2814 935 2890 aretque,

192 2889 328 2974 Naviget
343 2912 377 2955 ao
394 2890 499 2954 mediis
514 2890 627 2955 hiemet
641 2899 790 2956 mereator
805 2893 835 2955 in
851 2892 957 2970 undis3

192 2975 341 3040 Annonoe
357 2981 469 3059 prosit3
493 2984 593 3060 portet
608 2977 759 3040 frumenta
774 2999 940 3062 penusque.

193 3059 252 3124 Vir
266 3062 360 3124 bonus
376 3067 408 3123 et
422 3061 541 3145 sapiens
557 3062 680 3126 audebit
695 3064 816 3128 dicere:
839 3069 860 3101 “
871 3063 1022 3145 Pentheo,

193 3145 307 3211 Rector
321 3147 504 3224 Thebarum,
519 3147 592 3231 quid
607 3168 654 3211 me
670 3150 805 3233 perferre
820 3149 943 3234 potique

192 3230 357 3316 Indignum
371 3254 461 3315 coges
472 3232 514 3295 ‘t”
545 3232 719 3297 “Adimam
735 3235 844 3299 bonu.”
875 3235 1025 3321 “Nempe
1040 3256 1145 3323 pedus,
1158 3257 1238 3322 rom,

193 3315 314 3396 Lectos,
330 3327 510 3401 argentum:
533 3321 620 3383 tollas
635 3321 742 3384 lieet.''
780 3326 801 3358 “
810 3320 848 3385 In
861 3322 986 3387 manicis
1001 3330 1035 3387 et
1202 3343 1239 3395 76

194 3402 395 3488 Compedibus
410 3426 500 3469 suevo
515 3412 545 3469 te
561 3406 617 3469 sub
633 3406 757 3470 custode
773 3407 916 3471 tenebo.'’

193 3493 214 3529 “
226 3490 297 3575 Ipse
313 3491 387 3555 deus
402 3491 596 3576 simulatque
611 3493 708 3556 volam
723 3514 771 3557 me
786 3492 913 3557 solvet’'
959 3491 1075 3579 Opinoi·

192 3573 262 3642 Hoc
277 3577 385 3642 sentit:
408 3583 429 3615 “
439 3577 576 3657 Moriur3
598 3600 677 3643 mors
692 3580 798 3643 ultimo
811 3580 892 3645 lineo
906 3601 1008 3645 rerum
1022 3580 1105 3646 saw

606 3823 827 3838 *-

499 4014 755 4081 EPISTOLA
790 4016 926 4083 XVII.

193 4185 358 4267 Quium,
375 4185 502 4267 Scaeva,
517 4187 590 4251 sutis
605 4208 660 4271 per
674 4192 705 4252 te
720 4188 775 4252 tibi
790 4190 931 4272 consulis,
947 4197 980 4257 ot
994 4192 1054 4258 sois

193 4274 261 4350 Quo
277 4274 398 4338 tandem
413 4282 502 4359 poeto
518 4273 626 4337 deceat
641 4275 803 4359 majoribus
819 4276 875 4356 uti,

192 4361 297 4441 Disco,
312 4361 465 4425 doeendus
479 4360 590 4440 adhue,
605 4380 683 4443 quse
699 4368 804 4424 oenset
818 4362 975 4440 amiculus,
990 4368 1026 4427 ut
1039 4363 1065 4429 si

194 4446 312 4512 Caecus
326 4447 385 4511 iter
400 4456 565 4511 monstrare
581 4447 672 4524 veiit;
694 4455 796 4510 tumen
811 4448 932 4533 adspice
947 4448 1062 4535 siquid

194 4532 237 4599 Et
250 4555 303 4598 nos
318 4533 399 4618 quod
414 4555 502 4598 eures
518 4533 669 4617 proprium
685 4533 792 4597 fecisse
807 4533 974 4617 loquamur.
1219 4555 1240 4611 ι

196 4619 230 4684 Si
244 4628 275 4684 te
290 4629 379 4704 grata
394 4621 479 4704 quies
495 4629 527 4683 et
541 4620 668 4703 primam
683 4641 804 4683 somnus
819 4621 851 4683 in
865 4621 969 4685 horam

194 4705 348 4787 Delectat,
363 4707 387 4770 si
403 4715 433 4770 te
450 4707 547 4791 pulvis
561 4707 764 4791 strepitusque
779 4713 924 4784 rotarum,

196 4790 230 4857 Si
245 4791 338 4858 laedit
354 4814 502 4877 caupona,
518 4792 713 4856 Ferentinum
728 4793 772 4856 ire
782 4793 912 4877 jubeb03

193 4876 277 4946 Nom
291 4899 391 4966 neque
405 4878 549 4945 divitibus
563 4879 743 4963 contingunt
757 4879 869 4963 gaudia
882 4879 965 4960 solis,
