2900 6042
1185 1436 1700 1487 LIB.1.8A'1·.11.

395 1589 513 1666 Qui
544 1592 805 1676 patrium
833 1590 1050 1655 mimae
1079 1591 1267 1656 donat
1293 1592 1671 1678 fundumque
1700 1595 2028 1679 laremque,

392 1683 435 1717 “
455 1679 562 1743 Nil
589 1679 775 1742 fuerit
803 1678 1272 1763 mi,”inqu1t,“
1295 1700 1431 1742 cum
1462 1680 1748 1743 uxoribus
1777 1702 2044 1764 unquam
2074 1682 2305 1768 alienis·
2310 1682 2353 1714 ’'

393 1763 630 1829 Verum
660 1771 753 1828 est
785 1785 922 1827 cum
952 1765 1169 1843 mimis,
1201 1772 1295 1828 est
1324 1785 1463 1827 cum
1492 1766 1932 1846 meretricibus,
1962 1768 2124 1832 unde

393 1850 584 1914 Fama
612 1851 834 1914 malum
865 1851 1108 1932 gravius
1139 1871 1319 1933 quam
1350 1872 1448 1913 res
1480 1852 1682 1913 trahit.
1772 1853 1879 1915 An
1910 1854 2017 1917 tibi
2047 1854 2285 1918 abunde

396 1936 722 2001 Personam
753 1937 898 2000 satis
929 1944 1043 2011 est,
1075 1958 1193 1999 non
1224 1936 1371 1998 illud
1405 1937 1699 2020 quidquid
1730 1939 1951 2023 ubique

397 2021 598 2086 officit
628 2024 896 2085 evitare.
877 2021 904 2070 Ῥ
992 2022 1227 2085 Bonam
1258 2021 1593 2106 deperdere
1625 2025 1870 2104 famam,

396 2109 549 2171 Rem
580 2109 766 2192 patris
797 2109 1104 2185 oblimare,
1134 2109 1356 2170 malum
1389 2116 1484 2170 est
1510 2109 1873 2192 ubicunque.
1965 2109 2126 2185 Quid
2155 2111 2315 2177 inter

273 2263 286 2272 ‚
396 2193 552 2257 Est
536 2217 600 2257 ιιι
631 2203 926 2293 matrona,
956 2194 1195 2272 ancilla,
1226 2214 1521 2277 peccesne
1555 2195 1803 2278 togata?

393 2280 658 2343 Villius
643 2302 705 2342 ιιι
735 2280 964 2343 Fausta
997 2278 1203 2342 Sullae
1235 2300 1446 2362 gener,
1476 2280 1590 2343 hoc
1620 2281 1797 2344 miser
1824 2303 1945 2345 uno

392 2365 652 2428 Nomine
684 2365 1000 2448 deceptae,
1031 2386 1255 2449 poenas
1286 2365 1455 2429 dedit
1483 2386 1674 2449 usque
1705 2388 2008 2451 superque

394 2450 590 2524 Quam
619 2451 765 2514 satis
795 2459 910 2529 est,
941 2450 1158 2533 pugnis
1188 2471 1401 2514 caesus
1428 2451 1710 2534 ferroque
1741 2454 1988 2536 petitus,

394 2536 713 2600 Exclusus·
722 2537 848 2599 fore
881 2557 1018 2598 cum
1048 2535 1443 2618 Longarenus
1475 2535 1632 2599 foret
1659 2537 1842 2602 intus.

393 2622 557 2685 Huic
589 2622 639 2685 si
670 2622 928 2685 mutonis
962 2622 1158 2684 verbis
1187 2622 1346 2684 mala
1375 2628 1546 2684 tanta
1569 2622 1827 2686 videntis

392 2706 645 2772 Diceret
672 2708 822 2770 haec
854 2711 1123 2770 animus·
1172 2712 1213 2744 “
1233 2705 1392 2779 Quid
1423 2708 1513 2770 vis
1544 2708 1690 2770 tibi.
1670 2707 1697 2754 ⁴?
1743 2710 2034 2794 numquid
2064 2731 2179 2795 ego
2208 2731 2247 2776 a
2275 2717 2337 2776 te

393 2793 622 2876 Magno
653 2800 1014 2877 prognatum
1045 2793 1302 2876 deposco
1333 2794 1576 2856 consule
1608 2815 1872 2858 cunnum

394 2879 802 2962 Velatumque
835 2880 988 2942 stola
1015 2900 1153 2941 mea
1181 2898 1318 2941 cum
1350 2879 1733 2943 conferbuit
1717 2902 1848 2944 ira.
1829 2880 1913 2929 ⁴?’'

394 2963 554 3039 Quid
585 2963 1022 3048 responderet?
1111 2963 1398 3046 “Magno
1429 2973 1602 3048 patre
1633 2975 1777 3029 nata
1806 2968 2007 3050 puella
2036 2966 2196 3032 est-'²

392 3050 484 3113 At
513 3059 737 3134 quanto
767 3051 1013 3114 meliora
1041 3057 1244 3113 monet
1272 3051 1723 3135 pugnantiaque
1754 3053 1884 3117 istis

393 3136 582 3200 Dives
612 3138 739 3220 opis
769 3146 984 3199 natura
1013 3157 1180 3214 suae,
1214 3144 1280 3198 tu
1309 3137 1360 3199 si
1391 3137 1565 3201 modo
1597 3147 1761 3201 recte

380 3222 759 3306 Dispensare
793 3223 938 3285 velis
969 3243 1039 3285 ac
1069 3243 1188 3284 non
1220 3222 1510 3304 fugienda
1540 3223 1816 3306 petendis

391 3308 757 3371 Immiscere.
849 3309 978 3371 Tuo
1011 3308 1151 3371 vitio
1184 3329 1464 3370 rerumne
1496 3309 1753 3388 laboreS‚

393 3393 500 3456 Nil
531 3394 759 3456 referre
784 3393 1003 3476 putas?
1095 3393 1297 3467 Quare
1328 3415 1404 3456 ne
1436 3394 1744 3477 poeniteat
1775 3402 1834 3459 te

393 3477 621 3542 Desine
651 3489 954 3543 matronas
984 3481 1295 3558 sectarier‚
1327 3479 1490 3542 unde
1523 3481 1741 3543 laboris

392 3564 539 3628 Plus
568 3565 808 3628 haurire
841 3567 979 3628 mali
1009 3574 1103 3628 est
1131 3585 1309 3648 quam
1343 3586 1417 3627 ex
1450 3586 1515 3627 re
1548 3565 1873 3649 decerpere
1904 3565 2156 3629 fructus.
2197 3534 2280 3605 ³

391 3649 529 3714 Nec
557 3651 749 3733 magis
779 3652 917 3714 huic
950 3652 1107 3713 inter
1135 3652 1340 3713 niveos
1371 3650 1712 3734 viridesque
1743 3652 1973 3734 lapillos

2358 1425 2487 1492 129

2416 3672 2481 3722 80

397 3735 533 3819 (Sit
559 3737 705 3799 licet
732 3737 865 3813 hoc,
899 3735 1207 3814 Cerintho,
1241 3737 1446 3817 tuum)
1484 3743 1762 3799 tenerum
1794 3745 1887 3801 est
1916 3738 2113 3800 femur
2142 3743 2250 3800 aut
2277 3756 2417 3800 crus

390 3821 666 3901 RectiuS,
698 3831 880 3904 atque
913 3822 1093 3883 etiam
1126 3822 1336 3883 molius
1366 3841 1657 3905 persaepe
1690 3828 1931 3904 togatae
1962 3829 2073 3886 est.

390 3907 575 3970 Adde
605 3907 725 3970 huc
755 3907 917 3989 quod
943 3927 1205 3969 mercem
1235 3906 1363 3968 sine
1394 3906 1551 3969 fucis
1582 3914 1805 3989 gestat,
1838 3916 2047 3991 aperte

393 3992 569 4066 Quod
600 3994 812 4055 venale
843 3993 1026 4055 habet
1055 3992 1337 4070 ostendit,
1368 4012 1482 4055 nec
1513 3992 1564 4055 si
1594 3993 1740 4075 quid
1770 3993 2004 4057 honesti
2034 4001 2129 4057 est

389 4078 433 4142 J
437 4085 604 4141 actat
631 4079 934 4161 habetque
968 4079 1185 4161 palam,
1217 4078 1457 4161 quaerit
1485 4099 1604 4160 quo
1634 4074 1833 4162 turpia
1862 4080 2040 4143 celet.

391 4164 663 4247 Regibus
691 4164 787 4228 hic
818 4185 945 4227 mos
975 4172 1103 4227 est:
1151 4165 1253 4226 ubi
1283 4184 1470 4247 equos
1498 4172 1844 4228 mercantur
1872 4170 2118 4248 opertos

391 4249 750 4333 Inspiciunt,
781 4271 857 4313 ne
890 4251 940 4312 si
970 4249 1155 4313 facies
1184 4256 1254 4312 ut
1282 4270 1463 4333 saepe
1495 4250 1719 4313 decora

390 4334 562 4399 Molli
592 4337 747 4399 fulta
775 4337 929 4420 pede
961 4344 1055 4398 est
1085 4344 1415 4419 emptorem
1442 4335 1695 4399 inducat
1723 4335 2013 4414 hiantem,

391 4418 566 4493 Quod
597 4422 886 4504 pulchrae
919 4423 1149 4498 clunes,
1179 4422 1363 4484 breve
1395 4422 1555 4519 quod
1587 4427 1800 4504 caput,
1833 4421 2027 4484 ardua
2055 4418 2279 4484 cervix.

389 4505 527 4569 Hoc
557 4508 641 4570 illi
672 4516 869 4570 recte:
918 4528 994 4569 ne
1027 4507 1288 4589 corporis
1318 4507 1542 4589 optima
1572 4507 1804 4590 Lyncei

391 4590 810 4677 Contemplere
842 4593 1052 4670 oculis,
1084 4592 1379 4676 Hypsaea
1409 4593 1647 4654 caecior
1675 4593 1780 4654 illa

390 4676 562 4752 Quae
590 4678 751 4740 mala
782 4686 923 4742 sunt
952 4686 1208 4759 spectes.
1301 4676 1354 4740 O
1388 4697 1570 4741 crus.
1555 4676 1569 4721 l
1617 4699 1653 4740 o
1683 4673 1966 4740 brachia!
2056 4675 2291 4741 Verum

390 4763 688 4848 Depugis,
718 4773 957 4838 nasuta,
988 4764 1158 4827 brevi
1189 4764 1379 4826 latere
1412 4783 1484 4825 ac
1516 4762 1670 4845 pede
1702 4763 1880 4844 longo
1914 4768 2026 4825 est.

391 4849 708 4914 Matronae
738 4856 980 4933 praeter
1008 4849 1224 4913 faciem
1252 4848 1337 4911 nil
1368 4869 1617 4912 cernere
1649 4847 1859 4931 possis,

387 4932 635 5016 Cetera,
663 4936 727 4999 ni
758 4934 935 5000 Catia
962 4944 1079 5016 est,
1109 4935 1368 4999 demissa
1398 4941 1565 4998 veste
1598 4932 1881 5017 tegentis.

2416 4522 2481 4573 90
