2900 6042
1123 1467 1250 1513 m.
1297 1466 1374 1511 11.
1424 1465 1623 1512 EPIST.
1672 1466 1749 1513 11.

396 1617 574 1693 Quod
603 1620 737 1704 quis
768 1619 1026 1699 deridet,
1055 1641 1236 1704 quam
1267 1619 1428 1704 quod
1459 1617 1672 1702 probat
1700 1627 1764 1683 et
1792 1626 2136 1684 veneratur.

395 1703 504 1768 Nil
532 1726 729 1769 moror
756 1707 1010 1769 officium
1062 1705 1222 1789 quod
1251 1727 1347 1768 me
1374 1713 1612 1788 gravat,
1642 1724 1713 1768 ac
1743 1725 1940 1790 neque
1970 1706 2113 1770 ficto

395 1789 474 1854 In
502 1791 673 1874 pejus
702 1793 873 1854 vultu
901 1792 1146 1875 proponi
1177 1812 1388 1854 cereus
1421 1811 1695 1885 usquam,

395 1874 533 1939 Nec
565 1897 748 1960 prave
779 1878 953 1941 factis
984 1877 1256 1940 decorari
1287 1876 1557 1939 versibus
1585 1885 1747 1960 opto,

395 1959 496 2024 Ne
528 1961 775 2024 rubeam
803 1963 1011 2046 pingui
1040 1962 1295 2025 donatus
1324 1982 1596 2040 munere,
1626 1971 1691 2025 et
1718 1982 1845 2027 una

397 2045 553 2110 Cum
581 2047 870 2131 scriptore
900 2068 1245 2130 me0‚capsa
1274 2055 1588 2132 porrectus
1617 2055 1853 2132 aperta,

393 2131 658 2196 Deferat
684 2133 747 2196 in
778 2133 976 2197 vicum
1005 2133 1366 2197 vendentem
1400 2132 1539 2195 thus
1569 2139 1633 2195 et
1659 2134 1875 2198 odores

393 2214 481 2281 Et
506 2217 679 2302 piper
707 2227 771 2282 et
800 2219 1086 2304 quidquid
1116 2219 1341 2282 chartis
1369 2218 1650 2281 amicitur
1676 2219 1918 2304 ineptis.

1069 2641 1619 2709 EPISTOLA
1677 2644 1799 2708 II.

393 2813 634 2893 Fnonn,
661 2812 816 2876 bono
845 2813 1126 2897 claroque
1157 2813 1352 2879 fidelis
1381 2816 1573 2880 amice
1603 2813 1859 2896 Neroni,

395 2898 465 2964 Si
493 2899 628 2983 quis
658 2896 813 2962 forte
844 2899 992 2963 velit
1022 2920 1274 2983 puerum
1303 2900 1411 2965 tibi
1441 2901 1705 2965 vendere
1732 2907 1942 2964 natum

391 2984 616 3060 Tibure
649 2985 747 3047 vel
779 2982 1007 3064 Gabiis,
1034 2992 1100 3048 et
1126 2992 1326 3049 tecum
1355 2987 1442 3050 sic
1472 2994 1657 3070 agat:
1723 2985 1910 3052 “Hic
1962 2993 2029 3052 et
2091 3060 2096 3064 ,

393 3069 704 3135 Candidus
733 3077 797 3133 et
823 3071 976 3134 talos
1006 3091 1044 3134 a
1072 3071 1299 3135 vertice
1328 3073 1581 3156 pulcher
1609 3072 1687 3136 ad
1714 3071 1866 3137 imos

389 3153 531 3222 Fiet
559 3155 794 3238 eritque
823 3162 964 3219 tuus
992 3178 1363 3220 nummorum
1392 3159 1649 3221 millibus
1678 3165 1836 3240 octo,

391 3239 606 3305 Verna
631 3242 976 3305 ministeriis
1006 3241 1084 3304 ad
1114 3251 1295 3306 nutus
1325 3251 1503 3326 aptus
1531 3244 1773 3323 heriles,

247 3351 257 3358 ·
391 3324 704 3390 Litterulis
736 3325 989 3391 Graecis
1016 3327 1299 3406 imbutus,
1329 3328 1579 3393 idoneus
1609 3337 1727 3393 arti

395 3409 661 3474 Cuilibet
679 3430 697 3487 ;
714 3413 928 3495 argilla
957 3412 1194 3496 quidvis
1223 3413 1551 3478 imitaberis
1578 3415 1696 3478 uda
1726 3434 1745 3490 ;

393 3494 554 3571 Quin
585 3497 764 3560 etiam
795 3505 974 3560 canet
1001 3498 1305 3562 indoctum
1335 3500 1441 3562 sed
1472 3500 1647 3563 dulce
1674 3497 1933 3562 bibenti:

391 3579 593 3646 Multa
619 3581 799 3646 fidem
830 3583 1117 3665 promissa
1145 3584 1371 3662 levant,
1402 3585 1505 3647 ubi
1534 3585 1767 3668 plenius
1795 3603 1989 3668 aequo

393 3666 637 3732 Laudat
666 3668 908 3731 venales
962 3668 1065 3750 qui
1095 3669 1224 3730 vult
1252 3669 1574 3732 extrudere
1630 3689 1884 3733 merces.

392 3752 518 3817 Res
545 3759 728 3836 urget
753 3773 851 3815 me
879 3753 1085 3816 nulla:
1132 3774 1267 3815 meo
1295 3774 1425 3815 sum
1458 3774 1688 3836 pauper
1714 3755 1778 3817 in
1807 3774 1971 3818 aere.

391 3837 591 3902 Nemo
618 3839 730 3902 hoc
760 3858 1119 3920 mangonum
1148 3837 1380 3900 faceret
1410 3839 1516 3901 tibi
1542 3859 1558 3914 3
1598 3860 1720 3902 non
1748 3847 1975 3903 temere
2005 3858 2046 3903 a
2070 3858 2170 3903 me

393 3923 604 3998 Quivis
633 3924 822 3986 ferret
851 3922 1031 3985 idem.
1126 3920 1327 3985 Semel
1357 3922 1453 3985 hic
1484 3924 1742 3987 cessavit
1770 3931 1854 4004 et,
1883 3930 1955 3988 ut
1979 3923 2073 4007 fit,

391 4008 469 4072 In
497 4008 674 4071 scalis
701 4007 882 4071 latuit
910 4015 1184 4070 metuens
1215 4008 1531 4090 pendentis
1559 4008 1847 4074 habenae.

391 4093 521 4158 Des
550 4114 841 4170 nummos,
874 4100 1128 4177 excepta
1154 4091 1296 4156 nihil
1329 4101 1390 4157 te
1419 4094 1472 4157 si
1502 4094 1649 4178 fuga
1676 4095 1881 4160 laedat
1901 4098 1983 4176 ;'’
2000 4133 2089 4150 —

392 4179 506 4242 Ille
539 4179 696 4242 ferat
722 4179 981 4262 pretium
1010 4199 1237 4262 poenae
1267 4198 1537 4260 securus,
1567 4180 1820 4267 opinor;

393 4263 670 4327 Prudens
704 4264 898 4327 emisti
927 4263 1231 4342 vitiosum;
1255 4264 1419 4329 dicta
1446 4266 1555 4330 tibi
1584 4273 1679 4329 est
1705 4267 1845 4330 lex:

393 4350 741 4432 Insequeris
772 4358 973 4413 tamen
1002 4350 1162 4413 hunc
1194 4358 1257 4413 et
1284 4351 1389 4413 lite
1417 4352 1667 4415 moraris
1694 4349 1953 4436 iniqua?

393 4435 533 4498 Dixi
564 4456 660 4498 me
691 4435 927 4519 pigrum
956 4436 1354 4518 proficiscenti
1384 4437 1513 4516 tibi,
1543 4437 1667 4500 dixi

393 4520 635 4584 Talibus
664 4521 866 4584 officiis
897 4542 1081 4604 prope
1113 4542 1412 4600 mancum,
1439 4543 1517 4585 ne
1547 4543 1683 4585 mea
1710 4541 1928 4586 saevus

391 4606 432 4669 J
439 4627 687 4688 urgares
716 4605 796 4670 ad
826 4614 886 4668 te
918 4606 1079 4688 quod
1109 4606 1362 4689 epistola
1389 4608 1555 4669 nulla
1581 4607 1831 4671 rediret.

393 4690 554 4765 Quid
585 4700 712 4754 tum
744 4690 971 4775 profeci
1023 4711 1259 4754 mecum
1287 4691 1573 4755 facientia
1588 4693 1735 4776 jura

395 4774 461 4840 Si
489 4785 691 4840 tamen
719 4775 1035 4840 attentas?
1123 4775 1409 4850 Quereris
1438 4798 1621 4860 super
1647 4778 1760 4842 hoc
1791 4778 1996 4860 etiam,
2025 4777 2189 4864 quod
2227 4798 2235 4805 ·

391 4861 760 4946 Exspectata
786 4862 895 4925 tibi
923 4882 1043 4925 non
1068 4862 1303 4926 mittam
1331 4863 1598 4927 carmina
1624 4864 1905 4930 mendax.

391 4947 626 5013 Luculli
652 4948 824 5012 miles
853 4947 1106 5096 collega
1135 4948 1355 5012 viatica
1383 4949 1586 5014 multis

2343 1447 2458 1513 217

2406 3604 2469 3655 lo

2406 4029 2467 4080 15
