<?xml version="1.0" encoding="UTF-8"?>
<!DOCTYPE html PUBLIC "-//W3C//DTD XHTML 1.0 Transitional//EN"
    "http://www.w3.org/TR/xhtml1/DTD/xhtml1-transitional.dtd">
<html xmlns="http://www.w3.org/1999/xhtml" xml:lang="en" lang="en">
 <head>
  <title>
</title>
<meta http-equiv="Content-Type" content="text/html;charset=utf-8" />
  <meta name='ocr-system' content='tesseract 3.04.00' />
  <meta name='ocr-capabilities' content='ocr_page ocr_carea ocr_par ocr_line ocrx_word'/>
</head>
<body>
  <div class='ocr_page' id='page_1' title='image "./workshoracewith00beckgoog/workshoracewith00beckgoog_0232.png"; bbox 0 0 2900 6042; ppageno 0'>
   <div class='ocr_carea' id='block_1_1' title="bbox 188 598 2626 1080">
    <p class='ocr_par' dir='ltr' id='par_1_1' title="bbox 188 598 2626 1080">
     <span class='ocr_line' id='line_1_1' title="bbox 188 598 2626 1080; baseline 0 4962"><span class='ocrx_word' id='word_1_1' title='bbox 188 598 2626 1080; x_wconf 95' lang='lat' dir='ltr'> </span> 
     </span>
    </p>
   </div>
   <div class='ocr_carea' id='block_1_2' title="bbox 1127 1396 2470 1464">
    <p class='ocr_par' dir='ltr' id='par_1_2' title="bbox 1127 1396 2470 1464">
     <span class='ocr_line' id='line_1_2' title="bbox 1127 1396 2470 1464; baseline -0.003 -1"><span class='ocrx_word' id='word_1_2' title='bbox 1127 1418 1255 1463; x_wconf 75' lang='lat' dir='ltr'>mn.</span> <span class='ocrx_word' id='word_1_3' title='bbox 1305 1417 1380 1463; x_wconf 88' lang='lat'>11.</span> <span class='ocrx_word' id='word_1_4' title='bbox 1430 1416 1628 1462; x_wconf 75' lang='lat' dir='ltr'>Errsr.</span> <span class='ocrx_word' id='word_1_5' title='bbox 1679 1417 1725 1464; x_wconf 89' lang='lat'>1.</span> <span class='ocrx_word' id='word_1_6' title='bbox 2346 1396 2470 1460; x_wconf 83' lang='lat'>215</span> 
     </span>
    </p>
   </div>
   <div class='ocr_carea' id='block_1_3' title="bbox 373 1571 2468 5009">
    <p class='ocr_par' dir='ltr' id='par_1_3' title="bbox 387 1571 2006 1657">
     <span class='ocr_line' id='line_1_3' title="bbox 387 1571 2006 1657; baseline -0.002 -19"><span class='ocrx_word' id='word_1_7' title='bbox 387 1572 566 1649; x_wconf 88' lang='lat' dir='ltr'>Quod</span> <span class='ocrx_word' id='word_1_8' title='bbox 593 1594 841 1637; x_wconf 89' lang='lat' dir='ltr'>numero</span> <span class='ocrx_word' id='word_1_9' title='bbox 874 1573 1096 1657; x_wconf 85' lang='lat' dir='ltr'>plures,</span> <span class='ocrx_word' id='word_1_10' title='bbox 1131 1573 1351 1636; x_wconf 87' lang='lat' dir='ltr'>virtute</span> <span class='ocrx_word' id='word_1_11' title='bbox 1384 1580 1447 1635; x_wconf 87' lang='lat' dir='ltr'>et</span> <span class='ocrx_word' id='word_1_12' title='bbox 1477 1571 1698 1636; x_wconf 88' lang='lat' dir='ltr'>honore</span> <span class='ocrx_word' id='word_1_13' title='bbox 1727 1571 2006 1650; x_wconf 86' lang='lat' dir='ltr'>minores,</span> 
     </span>
    </p>

    <p class='ocr_par' dir='ltr' id='par_1_4' title="bbox 386 1659 1662 1744">
     <span class='ocr_line' id='line_1_4' title="bbox 386 1659 1662 1744; baseline -0.004 -19"><span class='ocrx_word' id='word_1_14' title='bbox 386 1659 625 1725; x_wconf 84' lang='lat' dir='ltr'>Indocti</span> <span class='ocrx_word' id='word_1_15' title='bbox 654 1659 969 1744; x_wconf 72' lang='lat' dir='ltr'><strong>stolidique</strong></span> <span class='ocrx_word' id='word_1_16' title='bbox 1001 1668 1064 1723; x_wconf 91' lang='lat' dir='ltr'>et</span> <span class='ocrx_word' id='word_1_17' title='bbox 1094 1660 1440 1743; x_wconf 82' lang='lat' dir='ltr'>depugnare</span> <span class='ocrx_word' id='word_1_18' title='bbox 1468 1659 1662 1742; x_wconf 85' lang='lat' dir='ltr'>parati</span> 
     </span>
    </p>

    <p class='ocr_par' dir='ltr' id='par_1_5' title="bbox 386 1742 2468 1928">
     <span class='ocr_line' id='line_1_5' title="bbox 388 1742 2468 1829; baseline -0.003 -19"><span class='ocrx_word' id='word_1_19' title='bbox 388 1742 458 1810; x_wconf 84' lang='lat' dir='ltr'>Si</span> <span class='ocrx_word' id='word_1_20' title='bbox 487 1746 790 1809; x_wconf 77' lang='lat' dir='ltr'><strong>discordet</strong></span> <span class='ocrx_word' id='word_1_21' title='bbox 820 1767 1025 1829; x_wconf 75' lang='lat' dir='ltr'>equeS,</span> <span class='ocrx_word' id='word_1_22' title='bbox 1056 1746 1254 1808; x_wconf 88' lang='lat' dir='ltr'>media</span> <span class='ocrx_word' id='word_1_23' title='bbox 1283 1747 1440 1808; x_wconf 87' lang='lat' dir='ltr'>inter</span> <span class='ocrx_word' id='word_1_24' title='bbox 1472 1745 1735 1808; x_wconf 87' lang='lat' dir='ltr'>carmina</span> <span class='ocrx_word' id='word_1_25' title='bbox 1764 1753 2019 1828; x_wconf 88' lang='lat' dir='ltr'>poscunt</span> <span class='ocrx_word' id='word_1_26' title='bbox 2374 1761 2468 1812; x_wconf 73' lang='lat'>185</span> 
     </span>
     <span class='ocr_line' id='line_1_6' title="bbox 386 1827 2121 1928; baseline -0.002 -33"><span class='ocrx_word' id='word_1_27' title='bbox 386 1832 518 1895; x_wconf 88' lang='lat' dir='ltr'>Aut</span> <span class='ocrx_word' id='word_1_28' title='bbox 547 1853 754 1894; x_wconf 88' lang='lat' dir='ltr'>ursum</span> <span class='ocrx_word' id='word_1_29' title='bbox 783 1840 887 1894; x_wconf 87' lang='lat' dir='ltr'>aut</span> <span class='ocrx_word' id='word_1_30' title='bbox 918 1832 1184 1928; x_wconf 75' lang='lat' dir='ltr'>pugiles:</span> <span class='ocrx_word' id='word_1_31' title='bbox 1236 1832 1326 1894; x_wconf 88' lang='lat' dir='ltr'>his</span> <span class='ocrx_word' id='word_1_32' title='bbox 1359 1853 1494 1894; x_wconf 88' lang='lat' dir='ltr'>nam</span> <span class='ocrx_word' id='word_1_33' title='bbox 1527 1832 1841 1914; x_wconf 83' lang='lat' dir='ltr'>plebecula</span> <span class='ocrx_word' id='word_1_34' title='bbox 1868 1827 2121 1914; x_wconf 79' lang='lat' dir='ltr'><strong>plaudit.</strong></span> 
     </span>
    </p>

    <p class='ocr_par' dir='ltr' id='par_1_6' title="bbox 388 1918 2184 2002">
     <span class='ocr_line' id='line_1_7' title="bbox 388 1918 2184 2002; baseline -0.002 -21"><span class='ocrx_word' id='word_1_35' title='bbox 388 1918 620 1981; x_wconf 86' lang='lat' dir='ltr'>Verum</span> <span class='ocrx_word' id='word_1_36' title='bbox 650 1918 868 2001; x_wconf 87' lang='lat' dir='ltr'>equitis</span> <span class='ocrx_word' id='word_1_37' title='bbox 898 1938 1136 2002; x_wconf 90' lang='lat' dir='ltr'>quoque</span> <span class='ocrx_word' id='word_1_38' title='bbox 1157 1919 1283 2002; x_wconf 88' lang='lat' dir='ltr'>jam</span> <span class='ocrx_word' id='word_1_39' title='bbox 1316 1918 1596 1999; x_wconf 85' lang='lat' dir='ltr'>migravit</span> <span class='ocrx_word' id='word_1_40' title='bbox 1625 1918 1699 1980; x_wconf 86' lang='lat' dir='ltr'>ab</span> <span class='ocrx_word' id='word_1_41' title='bbox 1731 1939 1876 1981; x_wconf 87' lang='lat' dir='ltr'>aure</span> <span class='ocrx_word' id='word_1_42' title='bbox 1910 1918 2184 2000; x_wconf 84' lang='lat' dir='ltr'>voluptas</span> 
     </span>
    </p>

    <p class='ocr_par' dir='ltr' id='par_1_7' title="bbox 389 2002 1775 2086">
     <span class='ocr_line' id='line_1_8' title="bbox 389 2002 1775 2086; baseline -0.001 -18"><span class='ocrx_word' id='word_1_43' title='bbox 389 2002 598 2068; x_wconf 88' lang='lat' dir='ltr'>Omnis</span> <span class='ocrx_word' id='word_1_44' title='bbox 628 2004 705 2066; x_wconf 89' lang='lat' dir='ltr'>ad</span> <span class='ocrx_word' id='word_1_45' title='bbox 735 2004 994 2068; x_wconf 86' lang='lat' dir='ltr'>incertos</span> <span class='ocrx_word' id='word_1_46' title='bbox 1022 2005 1224 2066; x_wconf 86' lang='lat' dir='ltr'>oculos</span> <span class='ocrx_word' id='word_1_47' title='bbox 1255 2011 1318 2066; x_wconf 88' lang='lat' dir='ltr'>et</span> <span class='ocrx_word' id='word_1_48' title='bbox 1347 2004 1567 2086; x_wconf 81' lang='lat' dir='ltr'>gaudia</span> <span class='ocrx_word' id='word_1_49' title='bbox 1600 2024 1775 2067; x_wconf 86' lang='lat' dir='ltr'>vana.</span> 
     </span>
    </p>

    <p class='ocr_par' dir='ltr' id='par_1_8' title="bbox 387 2088 1992 2174">
     <span class='ocr_line' id='line_1_9' title="bbox 387 2088 1992 2174; baseline 0.002 -24"><span class='ocrx_word' id='word_1_50' title='bbox 387 2088 686 2162; x_wconf 83' lang='lat' dir='ltr'>Quattuor</span> <span class='ocrx_word' id='word_1_51' title='bbox 714 2097 820 2153; x_wconf 88' lang='lat' dir='ltr'>aut</span> <span class='ocrx_word' id='word_1_52' title='bbox 849 2090 1048 2174; x_wconf 87' lang='lat' dir='ltr'>plures</span> <span class='ocrx_word' id='word_1_53' title='bbox 1079 2091 1291 2153; x_wconf 84' lang='lat' dir='ltr'>aulaea</span> <span class='ocrx_word' id='word_1_54' title='bbox 1320 2099 1672 2172; x_wconf 87' lang='lat' dir='ltr'>premuntur</span> <span class='ocrx_word' id='word_1_55' title='bbox 1705 2090 1765 2152; x_wconf 91' lang='lat' dir='ltr'>in</span> <span class='ocrx_word' id='word_1_56' title='bbox 1794 2088 1992 2169; x_wconf 76' lang='lat' dir='ltr'>horaS,</span> 
     </span>
    </p>

    <p class='ocr_par' dir='ltr' id='par_1_9' title="bbox 386 2174 2463 2345">
     <span class='ocr_line' id='line_1_10' title="bbox 386 2174 2463 2259; baseline 0.001 -22"><span class='ocrx_word' id='word_1_57' title='bbox 386 2174 547 2237; x_wconf 83' lang='lat' dir='ltr'>Dum</span> <span class='ocrx_word' id='word_1_58' title='bbox 575 2175 816 2257; x_wconf 79' lang='lat' dir='ltr'>fugiunt</span> <span class='ocrx_word' id='word_1_59' title='bbox 845 2176 1113 2259; x_wconf 88' lang='lat' dir='ltr'>equitum</span> <span class='ocrx_word' id='word_1_60' title='bbox 1146 2182 1378 2238; x_wconf 84' lang='lat' dir='ltr'>turmae</span> <span class='ocrx_word' id='word_1_61' title='bbox 1412 2175 1796 2259; x_wconf 77' lang='lat' dir='ltr'>peditumque</span> <span class='ocrx_word' id='word_1_62' title='bbox 1826 2185 2107 2240; x_wconf 84' lang='lat' dir='ltr'>catervae</span> <span class='ocrx_word' id='word_1_63' title='bbox 2134 2192 2152 2251; x_wconf 89' lang='lat'>;</span> <span class='ocrx_word' id='word_1_64' title='bbox 2371 2189 2463 2240; x_wconf 85' lang='lat'>190</span> 
     </span>
     <span class='ocr_line' id='line_1_11' title="bbox 387 2260 1921 2345; baseline 0.003 -23"><span class='ocrx_word' id='word_1_65' title='bbox 387 2260 529 2323; x_wconf 85' lang='lat' dir='ltr'>Mox</span> <span class='ocrx_word' id='word_1_66' title='bbox 561 2262 817 2325; x_wconf 87' lang='lat' dir='ltr'>trahitur</span> <span class='ocrx_word' id='word_1_67' title='bbox 847 2262 1117 2325; x_wconf 86' lang='lat' dir='ltr'>manibus</span> <span class='ocrx_word' id='word_1_68' title='bbox 1147 2283 1358 2345; x_wconf 85' lang='lat' dir='ltr'>regum</span> <span class='ocrx_word' id='word_1_69' title='bbox 1386 2260 1628 2324; x_wconf 86' lang='lat' dir='ltr'>fortuna</span> <span class='ocrx_word' id='word_1_70' title='bbox 1657 2263 1921 2343; x_wconf 67' lang='lat' dir='ltr'>retortia,</span> 
     </span>
    </p>

    <p class='ocr_par' dir='ltr' id='par_1_10' title="bbox 388 2346 1811 2431">
     <span class='ocr_line' id='line_1_12' title="bbox 388 2346 1811 2431; baseline 0.001 -23"><span class='ocrx_word' id='word_1_71' title='bbox 388 2346 619 2409; x_wconf 86' lang='lat' dir='ltr'>Esseda</span> <span class='ocrx_word' id='word_1_72' title='bbox 645 2347 951 2426; x_wconf 87' lang='lat' dir='ltr'>festinant,</span> <span class='ocrx_word' id='word_1_73' title='bbox 983 2348 1230 2431; x_wconf 86' lang='lat' dir='ltr'>pilenta,</span> <span class='ocrx_word' id='word_1_74' title='bbox 1262 2348 1572 2430; x_wconf 77' lang='lat' dir='ltr'>petorrita,</span> <span class='ocrx_word' id='word_1_75' title='bbox 1602 2367 1811 2426; x_wconf 74' lang='lat' dir='ltr'>naveS,</span> 
     </span>
    </p>

    <p class='ocr_par' dir='ltr' id='par_1_11' title="bbox 386 2432 1846 2517">
     <span class='ocr_line' id='line_1_13' title="bbox 386 2432 1846 2517; baseline 0.001 -22"><span class='ocrx_word' id='word_1_76' title='bbox 386 2432 704 2517; x_wconf 82' lang='lat' dir='ltr'>Captivum</span> <span class='ocrx_word' id='word_1_77' title='bbox 733 2441 1007 2516; x_wconf 85' lang='lat' dir='ltr'>portatur</span> <span class='ocrx_word' id='word_1_78' title='bbox 1036 2434 1205 2510; x_wconf 90' lang='lat' dir='ltr'>ebur,</span> <span class='ocrx_word' id='word_1_79' title='bbox 1233 2432 1472 2514; x_wconf 84' lang='lat' dir='ltr'>captiva</span> <span class='ocrx_word' id='word_1_80' title='bbox 1504 2433 1846 2497; x_wconf 78' lang='lat' dir='ltr'>Corinthus·</span> 
     </span>
    </p>

    <p class='ocr_par' dir='ltr' id='par_1_12' title="bbox 387 2515 1787 2596">
     <span class='ocr_line' id='line_1_14' title="bbox 387 2515 1787 2596; baseline 0.001 -16"><span class='ocrx_word' id='word_1_81' title='bbox 387 2515 453 2580; x_wconf 86' lang='lat' dir='ltr'>Si</span> <span class='ocrx_word' id='word_1_82' title='bbox 482 2519 639 2581; x_wconf 84' lang='lat' dir='ltr'>foret</span> <span class='ocrx_word' id='word_1_83' title='bbox 666 2519 729 2581; x_wconf 91' lang='lat' dir='ltr'>in</span> <span class='ocrx_word' id='word_1_84' title='bbox 760 2519 934 2582; x_wconf 87' lang='lat' dir='ltr'>terris</span> <span class='ocrx_word' id='word_1_85' title='bbox 989 2519 1214 2581; x_wconf 86' lang='lat' dir='ltr'>rideret</span> <span class='ocrx_word' id='word_1_86' title='bbox 1242 2518 1648 2596; x_wconf 80' lang='lat' dir='ltr'>Democritus,</span> <span class='ocrx_word' id='word_1_87' title='bbox 1678 2538 1787 2581; x_wconf 88' lang='lat' dir='ltr'>seu</span> 
     </span>
    </p>

    <p class='ocr_par' dir='ltr' id='par_1_13' title="bbox 382 2602 2462 2772">
     <span class='ocr_line' id='line_1_15' title="bbox 382 2602 2462 2687; baseline 0.001 -20"><span class='ocrx_word' id='word_1_88' title='bbox 382 2602 704 2667; x_wconf 87' lang='lat' dir='ltr'>Diversum</span> <span class='ocrx_word' id='word_1_89' title='bbox 735 2605 985 2667; x_wconf 86' lang='lat' dir='ltr'>confusa</span> <span class='ocrx_word' id='word_1_90' title='bbox 1013 2624 1204 2686; x_wconf 85' lang='lat' dir='ltr'>genus</span> <span class='ocrx_word' id='word_1_91' title='bbox 1236 2603 1529 2687; x_wconf 81' lang='lat' dir='ltr'>panthera</span> <span class='ocrx_word' id='word_1_92' title='bbox 1558 2604 1806 2683; x_wconf 88' lang='lat' dir='ltr'>camelo,</span> <span class='ocrx_word' id='word_1_93' title='bbox 2368 2620 2462 2670; x_wconf 76' lang='lat'>195</span> 
     </span>
     <span class='ocr_line' id='line_1_16' title="bbox 384 2688 1778 2772; baseline 0.001 -20"><span class='ocrx_word' id='word_1_94' title='bbox 384 2688 527 2752; x_wconf 86' lang='lat' dir='ltr'>Sive</span> <span class='ocrx_word' id='word_1_95' title='bbox 559 2689 801 2772; x_wconf 86' lang='lat' dir='ltr'>elephas</span> <span class='ocrx_word' id='word_1_96' title='bbox 831 2690 1000 2753; x_wconf 88' lang='lat' dir='ltr'>albus</span> <span class='ocrx_word' id='word_1_97' title='bbox 1031 2688 1194 2771; x_wconf 80' lang='lat' dir='ltr'>vulgi</span> <span class='ocrx_word' id='word_1_98' title='bbox 1225 2695 1603 2753; x_wconf 85' lang='lat' dir='ltr'>converteret</span> <span class='ocrx_word' id='word_1_99' title='bbox 1629 2708 1778 2768; x_wconf 79' lang='lat' dir='ltr'>ora;</span> 
     </span>
    </p>

    <p class='ocr_par' dir='ltr' id='par_1_14' title="bbox 385 2773 1716 2860">
     <span class='ocr_line' id='line_1_17' title="bbox 385 2773 1716 2860; baseline 0.001 -23"><span class='ocrx_word' id='word_1_100' title='bbox 385 2773 708 2858; x_wconf 84' lang='lat' dir='ltr'>Spectaret</span> <span class='ocrx_word' id='word_1_101' title='bbox 735 2776 1017 2859; x_wconf 87' lang='lat' dir='ltr'>populum</span> <span class='ocrx_word' id='word_1_102' title='bbox 1044 2775 1202 2838; x_wconf 89' lang='lat' dir='ltr'>ludis</span> <span class='ocrx_word' id='word_1_103' title='bbox 1230 2775 1519 2838; x_wconf 86' lang='lat' dir='ltr'>attentius</span> <span class='ocrx_word' id='word_1_104' title='bbox 1553 2775 1716 2860; x_wconf 70' lang='lat' dir='ltr'>ipsiS,</span> 
     </span>
    </p>

    <p class='ocr_par' dir='ltr' id='par_1_15' title="bbox 382 2859 1849 2945">
     <span class='ocr_line' id='line_1_18' title="bbox 382 2859 1849 2945; baseline 0.001 -20"><span class='ocrx_word' id='word_1_105' title='bbox 382 2859 473 2925; x_wconf 90' lang='lat' dir='ltr'>Ut</span> <span class='ocrx_word' id='word_1_106' title='bbox 500 2860 611 2923; x_wconf 86' lang='lat' dir='ltr'>sibi</span> <span class='ocrx_word' id='word_1_107' title='bbox 640 2861 1025 2944; x_wconf 85' lang='lat' dir='ltr'>praebentem</span> <span class='ocrx_word' id='word_1_108' title='bbox 1055 2861 1232 2925; x_wconf 90' lang='lat' dir='ltr'>mimo</span> <span class='ocrx_word' id='word_1_109' title='bbox 1261 2862 1608 2945; x_wconf 88' lang='lat' dir='ltr'>spectacula</span> <span class='ocrx_word' id='word_1_110' title='bbox 1637 2863 1849 2945; x_wconf 78' lang='lat' dir='ltr'>plura3</span> 
     </span>
    </p>

    <p class='ocr_par' dir='ltr' id='par_1_16' title="bbox 385 2945 1714 3031">
     <span class='ocr_line' id='line_1_19' title="bbox 385 2945 1714 3031; baseline 0.001 -21"><span class='ocrx_word' id='word_1_111' title='bbox 385 2945 724 3030; x_wconf 85' lang='lat' dir='ltr'>Scriptores</span> <span class='ocrx_word' id='word_1_112' title='bbox 752 2955 954 3010; x_wconf 88' lang='lat' dir='ltr'>autem</span> <span class='ocrx_word' id='word_1_113' title='bbox 983 2968 1229 3011; x_wconf 90' lang='lat' dir='ltr'>narrare</span> <span class='ocrx_word' id='word_1_114' title='bbox 1260 2954 1504 3031; x_wconf 87' lang='lat' dir='ltr'>putaret</span> <span class='ocrx_word' id='word_1_115' title='bbox 1532 2949 1714 3012; x_wconf 83' lang='lat' dir='ltr'>asello</span> 
     </span>
    </p>

    <p class='ocr_par' dir='ltr' id='par_1_17' title="bbox 380 3030 2461 3202">
     <span class='ocr_line' id='line_1_20' title="bbox 380 3030 2461 3117; baseline 0.001 -22"><span class='ocrx_word' id='word_1_116' title='bbox 380 3030 687 3096; x_wconf 85' lang='lat' dir='ltr'>Fabellam</span> <span class='ocrx_word' id='word_1_117' title='bbox 716 3032 919 3097; x_wconf 88' lang='lat' dir='ltr'>surdo.</span> <span class='ocrx_word' id='word_1_118' title='bbox 1009 3033 1173 3097; x_wconf 87' lang='lat' dir='ltr'>Nam</span> <span class='ocrx_word' id='word_1_119' title='bbox 1201 3053 1356 3117; x_wconf 86' lang='lat' dir='ltr'>quae</span> <span class='ocrx_word' id='word_1_120' title='bbox 1387 3035 1739 3117; x_wconf 85' lang='lat' dir='ltr'>pervincere</span> <span class='ocrx_word' id='word_1_121' title='bbox 1770 3053 1947 3098; x_wconf 84' lang='lat' dir='ltr'>voces</span> <span class='ocrx_word' id='word_1_122' title='bbox 2363 3053 2461 3105; x_wconf 73' lang='lat'>200</span> 
     </span>
     <span class='ocr_line' id='line_1_21' title="bbox 383 3116 2007 3202; baseline 0.002 -22"><span class='ocrx_word' id='word_1_123' title='bbox 383 3116 682 3183; x_wconf 85' lang='lat' dir='ltr'>Evaluere</span> <span class='ocrx_word' id='word_1_124' title='bbox 712 3140 922 3184; x_wconf 87' lang='lat' dir='ltr'>sonum</span> <span class='ocrx_word' id='word_1_125' title='bbox 970 3120 1242 3184; x_wconf 86' lang='lat' dir='ltr'>referunt</span> <span class='ocrx_word' id='word_1_126' title='bbox 1271 3141 1449 3202; x_wconf 90' lang='lat' dir='ltr'>quem</span> <span class='ocrx_word' id='word_1_127' title='bbox 1479 3128 1684 3184; x_wconf 87' lang='lat' dir='ltr'>nostra</span> <span class='ocrx_word' id='word_1_128' title='bbox 1719 3117 2007 3184; x_wconf 78' lang='lat' dir='ltr'>theatra?</span> 
     </span>
    </p>

    <p class='ocr_par' dir='ltr' id='par_1_18' title="bbox 383 3203 2085 3290">
     <span class='ocr_line' id='line_1_22' title="bbox 383 3203 2085 3290; baseline 0.001 -21"><span class='ocrx_word' id='word_1_129' title='bbox 383 3203 732 3288; x_wconf 85' lang='lat' dir='ltr'>Garganum</span> <span class='ocrx_word' id='word_1_130' title='bbox 761 3206 995 3289; x_wconf 84' lang='lat' dir='ltr'>mugire</span> <span class='ocrx_word' id='word_1_131' title='bbox 1024 3213 1199 3290; x_wconf 89' lang='lat' dir='ltr'>putes</span> <span class='ocrx_word' id='word_1_132' title='bbox 1228 3227 1437 3269; x_wconf 89' lang='lat' dir='ltr'>nemus</span> <span class='ocrx_word' id='word_1_133' title='bbox 1468 3216 1575 3269; x_wconf 88' lang='lat' dir='ltr'>aut</span> <span class='ocrx_word' id='word_1_134' title='bbox 1602 3228 1767 3270; x_wconf 90' lang='lat' dir='ltr'>mare</span> <span class='ocrx_word' id='word_1_135' title='bbox 1798 3206 2085 3287; x_wconf 78' lang='lat' dir='ltr'>Tuscum,</span> 
     </span>
    </p>

    <p class='ocr_par' dir='ltr' id='par_1_19' title="bbox 381 3290 1841 3376">
     <span class='ocr_line' id='line_1_23' title="bbox 381 3290 1841 3376; baseline 0.001 -22"><span class='ocrx_word' id='word_1_136' title='bbox 381 3290 573 3354; x_wconf 80' lang='lat' dir='ltr'>Tanto</span> <span class='ocrx_word' id='word_1_137' title='bbox 602 3311 738 3355; x_wconf 89' lang='lat' dir='ltr'>cum</span> <span class='ocrx_word' id='word_1_138' title='bbox 767 3293 1022 3376; x_wconf 87' lang='lat' dir='ltr'>strepitu</span> <span class='ocrx_word' id='word_1_139' title='bbox 1051 3292 1177 3355; x_wconf 89' lang='lat' dir='ltr'>ludi</span> <span class='ocrx_word' id='word_1_140' title='bbox 1206 3300 1560 3375; x_wconf 85' lang='lat' dir='ltr'>spectantur</span> <span class='ocrx_word' id='word_1_141' title='bbox 1589 3300 1652 3355; x_wconf 91' lang='lat' dir='ltr'>et</span> <span class='ocrx_word' id='word_1_142' title='bbox 1680 3301 1841 3356; x_wconf 89' lang='lat' dir='ltr'>artes</span> 
     </span>
    </p>

    <p class='ocr_par' dir='ltr' id='par_1_20' title="bbox 379 3375 1859 3461">
     <span class='ocr_line' id='line_1_24' title="bbox 379 3375 1859 3461; baseline 0.003 -23"><span class='ocrx_word' id='word_1_143' title='bbox 379 3375 761 3461; x_wconf 86' lang='lat' dir='ltr'>Divitiaeque</span> <span class='ocrx_word' id='word_1_144' title='bbox 792 3378 1169 3461; x_wconf 83' lang='lat' dir='ltr'>peregrinae,</span> <span class='ocrx_word' id='word_1_145' title='bbox 1199 3377 1412 3461; x_wconf 87' lang='lat' dir='ltr'>quibus</span> <span class='ocrx_word' id='word_1_146' title='bbox 1442 3378 1660 3442; x_wconf 88' lang='lat' dir='ltr'>oblitus</span> <span class='ocrx_word' id='word_1_147' title='bbox 1689 3387 1859 3442; x_wconf 77' lang='lat' dir='ltr'>actor</span> 
     </span>
    </p>

    <p class='ocr_par' dir='ltr' id='par_1_21' title="bbox 380 3458 2457 3636">
     <span class='ocr_line' id='line_1_25' title="bbox 380 3458 2457 3536; baseline 0.002 -11"><span class='ocrx_word' id='word_1_148' title='bbox 380 3458 535 3526; x_wconf 80' lang='lat' dir='ltr'>Cum</span> <span class='ocrx_word' id='word_1_149' title='bbox 563 3463 734 3527; x_wconf 89' lang='lat' dir='ltr'>stetit</span> <span class='ocrx_word' id='word_1_150' title='bbox 759 3463 821 3526; x_wconf 89' lang='lat' dir='ltr'>in</span> <span class='ocrx_word' id='word_1_151' title='bbox 851 3485 1033 3527; x_wconf 84' lang='lat' dir='ltr'>scena</span> <span class='ocrx_word' id='word_1_152' title='bbox 1085 3465 1388 3527; x_wconf 87' lang='lat' dir='ltr'>concurrit</span> <span class='ocrx_word' id='word_1_153' title='bbox 1418 3464 1672 3527; x_wconf 82' lang='lat' dir='ltr'>dextera</span> <span class='ocrx_word' id='word_1_154' title='bbox 1698 3465 1929 3528; x_wconf 78' lang='lat' dir='ltr'>laevae.</span> <span class='ocrx_word' id='word_1_155' title='bbox 2358 3485 2457 3536; x_wconf 73' lang='lat'>205</span> 
     </span>
     <span class='ocr_line' id='line_1_26' title="bbox 382 3546 2177 3636; baseline 0.003 -26"><span class='ocrx_word' id='word_1_156' title='bbox 382 3546 548 3612; x_wconf 81' lang='lat' dir='ltr'>Dixit</span> <span class='ocrx_word' id='word_1_157' title='bbox 577 3549 773 3613; x_wconf 88' lang='lat' dir='ltr'>adhuc</span> <span class='ocrx_word' id='word_1_158' title='bbox 805 3548 1076 3634; x_wconf 82' lang='lat' dir='ltr'>aliquid?</span> <span class='ocrx_word' id='word_1_159' title='bbox 1166 3547 1271 3612; x_wconf 89' lang='lat' dir='ltr'>Nil</span> <span class='ocrx_word' id='word_1_160' title='bbox 1301 3571 1468 3614; x_wconf 87' lang='lat' dir='ltr'>sane.</span> <span class='ocrx_word' id='word_1_161' title='bbox 1560 3549 1721 3624; x_wconf 83' lang='lat' dir='ltr'>Quid</span> <span class='ocrx_word' id='word_1_162' title='bbox 1750 3551 1951 3635; x_wconf 87' lang='lat' dir='ltr'>placet</span> <span class='ocrx_word' id='word_1_163' title='bbox 1980 3549 2177 3636; x_wconf 75' lang='lat' dir='ltr'>ergo?</span> 
     </span>
    </p>

    <p class='ocr_par' dir='ltr' id='par_1_22' title="bbox 379 3632 1658 3700">
     <span class='ocr_line' id='line_1_27' title="bbox 379 3632 1658 3700; baseline 0.002 -3"><span class='ocrx_word' id='word_1_164' title='bbox 379 3632 549 3698; x_wconf 85' lang='lat' dir='ltr'>Lana</span> <span class='ocrx_word' id='word_1_165' title='bbox 576 3634 899 3698; x_wconf 85' lang='lat' dir='ltr'>Tarentino</span> <span class='ocrx_word' id='word_1_166' title='bbox 933 3636 1115 3699; x_wconf 86' lang='lat' dir='ltr'>violas</span> <span class='ocrx_word' id='word_1_167' title='bbox 1142 3635 1376 3700; x_wconf 85' lang='lat' dir='ltr'>imitata</span> <span class='ocrx_word' id='word_1_168' title='bbox 1405 3657 1658 3700; x_wconf 87' lang='lat' dir='ltr'>veneno.</span> 
     </span>
    </p>

    <p class='ocr_par' dir='ltr' id='par_1_23' title="bbox 379 3720 2006 3805">
     <span class='ocr_line' id='line_1_28' title="bbox 379 3720 2006 3805; baseline 0.004 -23"><span class='ocrx_word' id='word_1_169' title='bbox 379 3720 475 3783; x_wconf 91' lang='lat' dir='ltr'>Ac</span> <span class='ocrx_word' id='word_1_170' title='bbox 505 3741 582 3783; x_wconf 90' lang='lat' dir='ltr'>ne</span> <span class='ocrx_word' id='word_1_171' title='bbox 611 3721 766 3785; x_wconf 86' lang='lat' dir='ltr'>forte</span> <span class='ocrx_word' id='word_1_172' title='bbox 796 3728 972 3804; x_wconf 88' lang='lat' dir='ltr'>putes</span> <span class='ocrx_word' id='word_1_173' title='bbox 1002 3741 1096 3783; x_wconf 90' lang='lat' dir='ltr'>me</span> <span class='ocrx_word' id='word_1_174' title='bbox 1151 3743 1307 3804; x_wconf 87' lang='lat' dir='ltr'>quae</span> <span class='ocrx_word' id='word_1_175' title='bbox 1336 3722 1538 3785; x_wconf 85' lang='lat' dir='ltr'>facere</span> <span class='ocrx_word' id='word_1_176' title='bbox 1566 3722 1695 3805; x_wconf 89' lang='lat' dir='ltr'>ipse</span> <span class='ocrx_word' id='word_1_177' title='bbox 1734 3743 2006 3788; x_wconf 79' lang='lat' dir='ltr'>recusem</span> 
     </span>
    </p>

    <p class='ocr_par' dir='ltr' id='par_1_24' title="bbox 379 3804 1790 3891">
     <span class='ocr_line' id='line_1_29' title="bbox 379 3804 1790 3891; baseline 0.001 -22"><span class='ocrx_word' id='word_1_178' title='bbox 379 3804 533 3869; x_wconf 88' lang='lat' dir='ltr'>Cum</span> <span class='ocrx_word' id='word_1_179' title='bbox 562 3814 729 3870; x_wconf 88' lang='lat' dir='ltr'>recte</span> <span class='ocrx_word' id='word_1_180' title='bbox 760 3813 1025 3869; x_wconf 87' lang='lat' dir='ltr'>tractent</span> <span class='ocrx_word' id='word_1_181' title='bbox 1054 3806 1154 3869; x_wconf 89' lang='lat' dir='ltr'>alii</span> <span class='ocrx_word' id='word_1_182' title='bbox 1206 3807 1454 3870; x_wconf 87' lang='lat' dir='ltr'>laudare</span> <span class='ocrx_word' id='word_1_183' title='bbox 1488 3808 1745 3891; x_wconf 83' lang='lat' dir='ltr'>maligne</span> <span class='ocrx_word' id='word_1_184' title='bbox 1773 3829 1790 3885; x_wconf 90' lang='lat'>;</span> 
     </span>
    </p>

    <p class='ocr_par' dir='ltr' id='par_1_25' title="bbox 374 3890 2455 4064">
     <span class='ocr_line' id='line_1_30' title="bbox 374 3890 2455 3976; baseline 0.002 -21"><span class='ocrx_word' id='word_1_185' title='bbox 374 3890 490 3955; x_wconf 78' lang='lat' dir='ltr'>me</span> <span class='ocrx_word' id='word_1_186' title='bbox 521 3913 631 3976; x_wconf 89' lang='lat' dir='ltr'>per</span> <span class='ocrx_word' id='word_1_187' title='bbox 659 3898 966 3954; x_wconf 86' lang='lat' dir='ltr'>extentum</span> <span class='ocrx_word' id='word_1_188' title='bbox 998 3892 1207 3955; x_wconf 87' lang='lat' dir='ltr'>funem</span> <span class='ocrx_word' id='word_1_189' title='bbox 1238 3893 1380 3956; x_wconf 91' lang='lat' dir='ltr'>mihi</span> <span class='ocrx_word' id='word_1_190' title='bbox 1411 3914 1582 3976; x_wconf 87' lang='lat' dir='ltr'>posse</span> <span class='ocrx_word' id='word_1_191' title='bbox 1612 3893 1853 3959; x_wconf 87' lang='lat' dir='ltr'>videtur</span> <span class='ocrx_word' id='word_1_192' title='bbox 2359 3917 2455 3968; x_wconf 73' lang='lat'>210</span> 
     </span>
     <span class='ocr_line' id='line_1_31' title="bbox 374 3977 1817 4064; baseline 0.002 -22"><span class='ocrx_word' id='word_1_193' title='bbox 374 3977 478 4042; x_wconf 88' lang='lat' dir='ltr'>Ire</span> <span class='ocrx_word' id='word_1_194' title='bbox 509 3979 709 4062; x_wconf 65' lang='lat' dir='ltr'>poeta,</span> <span class='ocrx_word' id='word_1_195' title='bbox 739 3999 937 4041; x_wconf 87' lang='lat' dir='ltr'>meum</span> <span class='ocrx_word' id='word_1_196' title='bbox 967 3979 1072 4062; x_wconf 88' lang='lat' dir='ltr'>qui</span> <span class='ocrx_word' id='word_1_197' title='bbox 1100 3986 1312 4062; x_wconf 87' lang='lat' dir='ltr'>pectus</span> <span class='ocrx_word' id='word_1_198' title='bbox 1339 3979 1600 4043; x_wconf 88' lang='lat' dir='ltr'>inaniter</span> <span class='ocrx_word' id='word_1_199' title='bbox 1626 3981 1817 4064; x_wconf 85' lang='lat' dir='ltr'>angit,</span> 
     </span>
    </p>

    <p class='ocr_par' dir='ltr' id='par_1_26' title="bbox 375 4063 1694 4150">
     <span class='ocr_line' id='line_1_32' title="bbox 375 4063 1694 4150; baseline 0.002 -24"><span class='ocrx_word' id='word_1_200' title='bbox 375 4063 610 4143; x_wconf 85' lang='lat' dir='ltr'>Irritat,</span> <span class='ocrx_word' id='word_1_201' title='bbox 641 4064 885 4142; x_wconf 87' lang='lat' dir='ltr'>mulcet,</span> <span class='ocrx_word' id='word_1_202' title='bbox 913 4064 1078 4128; x_wconf 84' lang='lat' dir='ltr'>falsis</span> <span class='ocrx_word' id='word_1_203' title='bbox 1109 4064 1434 4129; x_wconf 88' lang='lat' dir='ltr'>terroribus</span> <span class='ocrx_word' id='word_1_204' title='bbox 1463 4066 1694 4150; x_wconf 90' lang='lat' dir='ltr'>implet,</span> 
     </span>
    </p>

    <p class='ocr_par' dir='ltr' id='par_1_27' title="bbox 375 4149 2111 4237">
     <span class='ocr_line' id='line_1_33' title="bbox 375 4149 2111 4237; baseline 0.002 -24"><span class='ocrx_word' id='word_1_205' title='bbox 375 4149 468 4214; x_wconf 88' lang='lat' dir='ltr'>Ut</span> <span class='ocrx_word' id='word_1_206' title='bbox 494 4171 732 4234; x_wconf 85' lang='lat' dir='ltr'>magus,</span> <span class='ocrx_word' id='word_1_207' title='bbox 762 4156 827 4213; x_wconf 87' lang='lat' dir='ltr'>et</span> <span class='ocrx_word' id='word_1_208' title='bbox 853 4150 1025 4214; x_wconf 88' lang='lat' dir='ltr'>modo</span> <span class='ocrx_word' id='word_1_209' title='bbox 1053 4171 1149 4214; x_wconf 91' lang='lat' dir='ltr'>me</span> <span class='ocrx_word' id='word_1_210' title='bbox 1182 4150 1605 4230; x_wconf 83' lang='lat' dir='ltr'>Thebis‚modo</span> <span class='ocrx_word' id='word_1_211' title='bbox 1635 4153 1803 4237; x_wconf 88' lang='lat' dir='ltr'>ponit</span> <span class='ocrx_word' id='word_1_212' title='bbox 1830 4153 2111 4218; x_wconf 87' lang='lat' dir='ltr'>Athenis.</span> 
     </span>
    </p>

    <p class='ocr_par' dir='ltr' id='par_1_28' title="bbox 374 4234 2083 4322">
     <span class='ocr_line' id='line_1_34' title="bbox 374 4234 2083 4322; baseline 0.003 -24"><span class='ocrx_word' id='word_1_213' title='bbox 374 4234 612 4299; x_wconf 90' lang='lat' dir='ltr'>Verum</span> <span class='ocrx_word' id='word_1_214' title='bbox 657 4255 775 4321; x_wconf 75' lang='lat' dir='ltr'>age</span> <span class='ocrx_word' id='word_1_215' title='bbox 818 4241 883 4299; x_wconf 88' lang='lat' dir='ltr'>et</span> <span class='ocrx_word' id='word_1_216' title='bbox 925 4235 1019 4301; x_wconf 88' lang='lat' dir='ltr'>his</span> <span class='ocrx_word' id='word_1_217' title='bbox 1063 4236 1167 4322; x_wconf 91' lang='lat' dir='ltr'>qui</span> <span class='ocrx_word' id='word_1_218' title='bbox 1210 4257 1276 4301; x_wconf 88' lang='lat' dir='ltr'>se</span> <span class='ocrx_word' id='word_1_219' title='bbox 1319 4239 1534 4302; x_wconf 89' lang='lat' dir='ltr'>lectori</span> <span class='ocrx_word' id='word_1_220' title='bbox 1573 4238 1821 4302; x_wconf 88' lang='lat' dir='ltr'>credere</span> <span class='ocrx_word' id='word_1_221' title='bbox 1852 4240 2083 4303; x_wconf 85' lang='lat' dir='ltr'>malunt</span> 
     </span>
    </p>

    <p class='ocr_par' dir='ltr' id='par_1_29' title="bbox 375 4318 2455 4493">
     <span class='ocr_line' id='line_1_35' title="bbox 375 4318 2455 4407; baseline 0.005 -24"><span class='ocrx_word' id='word_1_222' title='bbox 375 4318 572 4393; x_wconf 87' lang='lat' dir='ltr'>Quam</span> <span class='ocrx_word' id='word_1_223' title='bbox 600 4321 952 4405; x_wconf 85' lang='lat' dir='ltr'>spectatoris</span> <span class='ocrx_word' id='word_1_224' title='bbox 979 4323 1224 4386; x_wconf 86' lang='lat' dir='ltr'>fastidia</span> <span class='ocrx_word' id='word_1_225' title='bbox 1249 4324 1408 4387; x_wconf 85' lang='lat' dir='ltr'>ferre</span> <span class='ocrx_word' id='word_1_226' title='bbox 1440 4325 1684 4407; x_wconf 87' lang='lat' dir='ltr'>superbi</span> <span class='ocrx_word' id='word_1_227' title='bbox 2359 4344 2455 4394; x_wconf 77' lang='lat'>215</span> 
     </span>
     <span class='ocr_line' id='line_1_36' title="bbox 377 4405 2028 4493; baseline 0.002 -23"><span class='ocrx_word' id='word_1_228' title='bbox 377 4405 600 4470; x_wconf 85' lang='lat' dir='ltr'>Curam</span> <span class='ocrx_word' id='word_1_229' title='bbox 628 4406 815 4472; x_wconf 88' lang='lat' dir='ltr'>redde</span> <span class='ocrx_word' id='word_1_230' title='bbox 846 4407 1112 4486; x_wconf 88' lang='lat' dir='ltr'>brevem,</span> <span class='ocrx_word' id='word_1_231' title='bbox 1141 4408 1192 4470; x_wconf 89' lang='lat' dir='ltr'>si</span> <span class='ocrx_word' id='word_1_232' title='bbox 1221 4430 1438 4471; x_wconf 88' lang='lat' dir='ltr'>munus</span> <span class='ocrx_word' id='word_1_233' title='bbox 1468 4409 1748 4493; x_wconf 88' lang='lat' dir='ltr'>Apolline</span> <span class='ocrx_word' id='word_1_234' title='bbox 1779 4411 2028 4493; x_wconf 82' lang='lat' dir='ltr'>dignum</span> 
     </span>
    </p>

    <p class='ocr_par' dir='ltr' id='par_1_30' title="bbox 374 4490 1877 4576">
     <span class='ocr_line' id='line_1_37' title="bbox 374 4490 1877 4576; baseline 0.002 -21"><span class='ocrx_word' id='word_1_235' title='bbox 374 4490 487 4556; x_wconf 88' lang='lat' dir='ltr'>Vis</span> <span class='ocrx_word' id='word_1_236' title='bbox 517 4494 815 4576; x_wconf 89' lang='lat' dir='ltr'>complere</span> <span class='ocrx_word' id='word_1_237' title='bbox 845 4493 1010 4556; x_wconf 87' lang='lat' dir='ltr'>libris</span> <span class='ocrx_word' id='word_1_238' title='bbox 1041 4500 1104 4555; x_wconf 90' lang='lat' dir='ltr'>et</span> <span class='ocrx_word' id='word_1_239' title='bbox 1132 4495 1368 4556; x_wconf 82' lang='lat' dir='ltr'>vatibus</span> <span class='ocrx_word' id='word_1_240' title='bbox 1399 4494 1624 4557; x_wconf 88' lang='lat' dir='ltr'>addere</span> <span class='ocrx_word' id='word_1_241' title='bbox 1656 4496 1877 4575; x_wconf 81' lang='lat' dir='ltr'>calcar,</span> 
     </span>
    </p>

    <p class='ocr_par' dir='ltr' id='par_1_31' title="bbox 374 4577 1853 4664">
     <span class='ocr_line' id='line_1_38' title="bbox 374 4577 1853 4664; baseline 0.001 -23"><span class='ocrx_word' id='word_1_242' title='bbox 374 4577 464 4642; x_wconf 86' lang='lat' dir='ltr'>Ut</span> <span class='ocrx_word' id='word_1_243' title='bbox 492 4578 689 4642; x_wconf 85' lang='lat' dir='ltr'>studio</span> <span class='ocrx_word' id='word_1_244' title='bbox 720 4580 942 4664; x_wconf 85' lang='lat' dir='ltr'>majore</span> <span class='ocrx_word' id='word_1_245' title='bbox 973 4585 1185 4661; x_wconf 87' lang='lat' dir='ltr'>petant</span> <span class='ocrx_word' id='word_1_246' title='bbox 1215 4578 1514 4642; x_wconf 89' lang='lat' dir='ltr'>Helicona</span> <span class='ocrx_word' id='word_1_247' title='bbox 1542 4580 1853 4644; x_wconf 89' lang='lat' dir='ltr'>virentem.</span> 
     </span>
    </p>

    <p class='ocr_par' dir='ltr' id='par_1_32' title="bbox 373 4663 1987 4750">
     <span class='ocr_line' id='line_1_39' title="bbox 373 4663 1987 4750; baseline 0.002 -24"><span class='ocrx_word' id='word_1_248' title='bbox 373 4663 571 4728; x_wconf 82' lang='lat' dir='ltr'>Multa</span> <span class='ocrx_word' id='word_1_249' title='bbox 597 4664 839 4747; x_wconf 86' lang='lat' dir='ltr'>quidem</span> <span class='ocrx_word' id='word_1_250' title='bbox 869 4664 1037 4728; x_wconf 88' lang='lat' dir='ltr'>nobis</span> <span class='ocrx_word' id='word_1_251' title='bbox 1065 4665 1317 4728; x_wconf 87' lang='lat' dir='ltr'>facimus</span> <span class='ocrx_word' id='word_1_252' title='bbox 1347 4666 1505 4728; x_wconf 88' lang='lat' dir='ltr'>mala</span> <span class='ocrx_word' id='word_1_253' title='bbox 1533 4686 1713 4750; x_wconf 87' lang='lat' dir='ltr'>saepe</span> <span class='ocrx_word' id='word_1_254' title='bbox 1750 4669 1987 4750; x_wconf 66' lang='lat' dir='ltr'>poetae,</span> 
     </span>
    </p>

    <p class='ocr_par' dir='ltr' id='par_1_33' title="bbox 376 4746 2455 4920">
     <span class='ocr_line' id='line_1_40' title="bbox 380 4746 2455 4831; baseline 0.003 -20"><span class='ocrx_word' id='word_1_255' title='bbox 380 4746 513 4813; x_wconf 78' lang='lat' dir='ltr'>(Ut</span> <span class='ocrx_word' id='word_1_256' title='bbox 542 4750 745 4814; x_wconf 84' lang='lat' dir='ltr'>vineta</span> <span class='ocrx_word' id='word_1_257' title='bbox 776 4759 1021 4831; x_wconf 76' lang='lat' dir='ltr'>egomet</span> <span class='ocrx_word' id='word_1_258' title='bbox 1050 4749 1301 4813; x_wconf 86' lang='lat' dir='ltr'>caedam</span> <span class='ocrx_word' id='word_1_259' title='bbox 1334 4754 1531 4827; x_wconf 72' lang='lat' dir='ltr'>mea,)</span> <span class='ocrx_word' id='word_1_260' title='bbox 1559 4774 1697 4816; x_wconf 82' lang='lat' dir='ltr'>cum</span> <span class='ocrx_word' id='word_1_261' title='bbox 1731 4752 1838 4816; x_wconf 90' lang='lat' dir='ltr'>tibi</span> <span class='ocrx_word' id='word_1_262' title='bbox 1869 4753 2088 4818; x_wconf 88' lang='lat' dir='ltr'>librum</span> <span class='ocrx_word' id='word_1_263' title='bbox 2358 4774 2455 4826; x_wconf 73' lang='lat'>220</span> 
     </span>
     <span class='ocr_line' id='line_1_41' title="bbox 376 4834 2036 4920; baseline 0.002 -20"><span class='ocrx_word' id='word_1_264' title='bbox 376 4834 643 4901; x_wconf 82' lang='lat' dir='ltr'>Sollicito</span> <span class='ocrx_word' id='word_1_265' title='bbox 671 4835 882 4900; x_wconf 86' lang='lat' dir='ltr'>damus</span> <span class='ocrx_word' id='word_1_266' title='bbox 913 4844 1019 4901; x_wconf 88' lang='lat' dir='ltr'>aut</span> <span class='ocrx_word' id='word_1_267' title='bbox 1046 4837 1204 4900; x_wconf 87' lang='lat' dir='ltr'>fesso</span> <span class='ocrx_word' id='word_1_268' title='bbox 1231 4857 1247 4913; x_wconf 91' lang='lat'>;</span> <span class='ocrx_word' id='word_1_269' title='bbox 1289 4857 1474 4920; x_wconf 87' lang='lat' dir='ltr'>quum</span> <span class='ocrx_word' id='word_1_270' title='bbox 1506 4838 1799 4901; x_wconf 84' lang='lat' dir='ltr'>laedimur</span> <span class='ocrx_word' id='word_1_271' title='bbox 1849 4860 2036 4904; x_wconf 88' lang='lat' dir='ltr'>unum</span> 
     </span>
    </p>

    <p class='ocr_par' dir='ltr' id='par_1_34' title="bbox 377 4920 2084 5009">
     <span class='ocr_line' id='line_1_42' title="bbox 377 4920 2084 5009; baseline 0.002 -22"><span class='ocrx_word' id='word_1_272' title='bbox 377 4920 443 4987; x_wconf 84' lang='lat' dir='ltr'>Si</span> <span class='ocrx_word' id='word_1_273' title='bbox 471 4923 605 5009; x_wconf 86' lang='lat' dir='ltr'>quis</span> <span class='ocrx_word' id='word_1_274' title='bbox 634 4923 960 4988; x_wconf 84' lang='lat' dir='ltr'>amicorum</span> <span class='ocrx_word' id='word_1_275' title='bbox 991 4932 1086 4987; x_wconf 85' lang='lat' dir='ltr'>est</span> <span class='ocrx_word' id='word_1_276' title='bbox 1114 4944 1294 4987; x_wconf 85' lang='lat' dir='ltr'>ausus</span> <span class='ocrx_word' id='word_1_277' title='bbox 1327 4923 1768 5007; x_wconf 88' lang='lat' dir='ltr'>reprehendere</span> <span class='ocrx_word' id='word_1_278' title='bbox 1803 4946 2038 4990; x_wconf 87' lang='lat' dir='ltr'>versum</span> <span class='ocrx_word' id='word_1_279' title='bbox 2063 4947 2084 5006; x_wconf 78' lang='lat'>3</span> 
     </span>
    </p>
   </div>
  </div>
 </body>
</html>
