2900 6042
1236 1529 1356 1579 Ans
1399 1514 1688 1585 roi-mcii.
2377 1517 2499 1583 231

427 1679 569 1746 Non
599 1681 749 1747 alius
779 1682 1011 1747 faceret
1039 1682 1285 1746 meliora
1315 1685 1606 1766 poemata.
1651 1681 1885 1748 Verum

426 1766 532 1831 Nil
566 1768 715 1831 tanti
746 1777 859 1832 est.
951 1769 1116 1852 Ergo
1145 1768 1365 1850 fungar
1394 1770 1526 1833 vice
1558 1770 1728 1849 cotis,
1759 1778 2004 1835 acutum
2064 1808 2110 1818 -—
2159 1772 2272 1831 -4—

425 1854 709 1919 Reddere
741 1875 897 1938 quae
927 1854 1151 1917 ferrum
1184 1855 1344 1917 valet
1372 1876 1576 1919 exsors
1605 1855 1735 1940 ipsa
1762 1855 2009 1920 secandi
2033 1877 2052 1935 ;
2409 1879 2503 1929 ωε

426 1934 652 2002 Munus
683 1950 747 2002 et
775 1939 1050 2018 officium,
1080 1940 1163 2003 nil
1190 1940 1460 2005 scribens
1483 1941 1615 2024 ipse
1670 1941 1916 2021 docebo,
1953 1988 1964 1998 .

425 2023 608 2087 Unde
640 2032 930 2108 parentur
957 2045 1122 2108 opeS,
1151 2024 1297 2109 quid
1326 2026 1451 2089 alat
1479 2027 1812 2111 formetque
1844 2031 2123 2111 poetam3

425 2107 587 2182 Quid
618 2110 834 2175 deceat
885 2110 1030 2194 quid
1059 2131 1204 2190 non;
1231 2132 1349 2195 quo
1381 2113 1591 2190 virtus,
1621 2134 1741 2196 quo
1770 2113 1928 2176 ferat
1956 2135 2146 2178 error.

428 2193 742 2259 Scribendi
770 2204 935 2259 recte
965 2205 1302 2279 sapere-est
1330 2205 1393 2260 et
1421 2198 1775 2282 principium
1808 2208 1871 2261 et
1898 2199 2031 2263 fons
2058 2221 2074 2263 t

424 2279 580 2363 Rem
611 2281 715 2345 tibi
750 2278 1092 2345 Socraticae
1124 2289 1406 2365 poterunt
1432 2284 1750 2347 ostendere
1781 2284 2051 2364 chartae,
2410 2303 2504 2353 310

424 2364 753 2451 Verbaque
782 2367 1075 2451 provisam
1105 2388 1232 2430 rem
1259 2389 1379 2430 non
1407 2367 1599 2433 invita
1629 2378 1979 2452 sequentur.

424 2450 543 2525 Qui
574 2452 784 2515 didicit
829 2451 1061 2534 patriae
1087 2451 1231 2536 quid
1261 2451 1483 2516 debeat
1534 2461 1598 2516 et
1625 2453 1772 2537 quid
1800 2455 2029 2535 amicis,

424 2535 558 2610 Quo
587 2538 667 2600 sit
695 2558 893 2600 amore
926 2557 1164 2620 parens,
1194 2558 1312 2621 quo
1342 2538 1533 2601 frater
1562 2538 1852 2603 amandus
1880 2546 1945 2603 et
1972 2542 2211 2624 hospes,

424 2620 600 2695 Quod
631 2623 709 2685 sit
737 2622 1079 2704 conscripti,
1109 2623 1268 2705 quod
1287 2622 1513 2707 judicis
1541 2623 1819 2703 officium,
1845 2644 2004 2708 quae

423 2705 642 2771 Partes
670 2707 732 2771 in
762 2708 984 2771 bellum
1013 2707 1175 2770 missi
1204 2707 1397 2788 ducis,
1423 2708 1528 2772 ille
1556 2709 1832 2808 profecto
2409 2730 2503 2782 315

423 2791 706 2856 Reddere
737 2813 1025 2877 personae
1055 2792 1172 2856 scit
1199 2795 1616 2858 convenientia
1647 2793 1887 2877 cuique.
2057 2819 2230 2875 —ffm

424 2876 751 2962 Respicere
787 2878 1092 2963 exemplar
1119 2879 1278 2942 vitae
1306 2900 1656 2963 morumque
1677 2878 1906 2964 jubebo

424 2961 688 3027 Doctum
719 2963 1076 3028 imitatorem
1130 2972 1194 3027 et
1221 2964 1388 3029 vivas
1417 2964 1555 3029 hinc
1586 2964 1810 3029 ducere
1844 2985 2044 3031 voces.

422 3047 741 3113 Interdum
768 3050 1038 3133 speciosa
1065 3050 1209 3114 locis
1239 3058 1592 3134 morataque.
1617 3058 1783 3115 recte

420 3133 656 3219 Fabula
709 3136 930 3199 nullius
959 3135 1213 3215 veneris,
1242 3135 1370 3199 sine
1402 3135 1664 3220 pondere
1694 3143 1759 3201 et
1786 3142 1943 3216 arte,
2406 3158 2503 3211 no

421 3218 683 3284 Valdius
709 3221 971 3285 oblectat
998 3220 1279 3305 populum
1308 3221 1639 3307 meliusque
1669 3228 1938 3287 moratur

423 3304 619 3379 Quam
651 3327 859 3371 versus
885 3306 1093 3390 inopes
1120 3327 1321 3371 rerum
1348 3328 1670 3391 nugaeque
1699 3328 1979 3374 canorae.

424 3389 624 3455 Graiis
653 3392 981 3476 ingenium,
1014 3390 1213 3456 Graiis
1242 3391 1412 3459 dedit
1439 3413 1542 3457 ore
1575 3392 1831 3456 rotundo

421 3475 604 3541 Musa
630 3479 815 3562 loqui,
844 3485 1087 3562 praeter
1112 3477 1354 3542 laudem
1381 3478 1603 3542 nullius
1630 3478 1847 3543 avaris.

420 3561 678 3626 Romani
708 3563 878 3663 pueri
908 3562 1098 3646 longis
1129 3563 1455 3627 rationibus
1485 3584 1681 3628 assem
2404 3584 2502 3637 ω

421 3647 682 3712 Discunt
709 3671 773 3712 m
802 3656 1003 3733 partes
1032 3656 1271 3712 centum
1304 3648 1611 3713 diducere.
1649 3646 1888 3712 “Dicat

420 3732 611 3798 Filius
642 3734 887 3798 Albini:
916 3732 988 3797 Si
1018 3732 1093 3796 de
1121 3733 1458 3816 quincunce
1488 3739 1719 3797 remota
1746 3739 1842 3796 est

421 3817 645 3899 Uncia,
676 3820 820 3904 quid
848 3816 1148 3902 superat?
1233 3817 1487 3882 Poteras
1516 3816 1805 3882 dixisse.”
1851 3819 1894 3855 “
1921 3815 2198 3885 Triens.”
2245 3823 2287 3856 “
2316 3816 2416 3887 Eu
2442 3817 2457 3884 l

421 3903 575 3968 Rem
608 3905 831 3989 poteris
859 3923 1103 3968 servare
1132 3909 1319 3966 tuam.
1406 3903 1596 3967 Redit
1622 3903 1824 3983 uncia,
1852 3902 1998 3987 quid
2023 3905 2094 3968 fit
2111 3902 2196 3967 2³⁹

420 3995 466 4028 “
497 3989 756 4054 Semi8.’'
829 3988 922 4052 At
950 3987 1103 4053 haec
1133 3987 1363 4053 animos
1390 4009 1621 4072 aerugo
1652 3997 1717 4053 et
1746 4010 1896 4054 cura
1925 3988 2125 4073 peculi
2405 4005 2502 4059 3³0

422 4071 574 4138 Cum
605 4076 789 4138 semel
820 4074 1121 4154 imbuerit,
1153 4093 1465 4158 speramus
1495 4074 1761 4138 earmina
1786 4073 1935 4156 fingi

421 4159 606 4223 Posse
636 4160 881 4225 linenda
908 4159 1091 4225 cedro
1119 4167 1184 4224 et
1211 4159 1331 4224 levi
1359 4158 1661 4224 servanda
1687 4155 2024 4243 cupresso?

420 4246 553 4308 Aut
583 4245 865 4329 prodesse
897 4246 1124 4324 volunt,
1153 4253 1262 4309 aut
1290 4245 1595 4309 delectare
1625 4246 1864 4331 poetae,

419 4330 553 4394 Aut
581 4332 754 4394 simul
787 4341 851 4395 et
867 4330 1142 4416 jucunda
1170 4338 1233 4395 et
1260 4331 1480 4395 idonea
1507 4331 1709 4395 dicere
1743 4331 1923 4394 vitae.

421 4415 724 4501 Quidquid
753 4417 1088 4502 praecipies
1140 4425 1267 4481 esto
1294 4417 1517 4496 brevis,
1547 4424 1619 4481 ut
1645 4416 1764 4480 cito
1794 4415 1958 4479 dicta
2406 4433 2502 4483 335

421 4500 770 4587 Percipiant
798 4503 979 4567 animi
1009 4501 1232 4566 dociles
1262 4510 1631 4585 teneantque
1659 4500 1910 4565 fideles:

424 4585 618 4652 Omne
648 4609 1087 4673 supervacuum
1118 4588 1293 4672 pleno
1322 4588 1398 4652 de
1431 4595 1673 4672 pectore
1704 4593 1926 4649 manat.

420 4672 597 4738 Ficta
624 4675 946 4759 voluptatis
976 4694 1160 4739 causa
1188 4674 1309 4737 sint
1337 4674 1606 4759 proxima
1633 4671 1814 4751 veris,

419 4757 484 4822 N
486 4780 556 4822 ec
587 4760 867 4843 quodcun
914 4781 989 4823 ue
1035 4760 1197 4823 volet
1249 4767 1456 4842 poscat
1484 4759 1593 4823 sibi
1627 4758 1830 4821 fabula
1858 4755 2048 4835 credi,

418 4842 565 4908 Neu
593 4866 847 4930 pransae
869 4782 1123 4909 lamiae
1156 4843 1355 4907 vivum
1385 4865 1638 4929 puerum
1670 4841 1950 4906 extrahat
1978 4841 2134 4907 alvo.
2404 4859 2500 4910 340

421 4926 745 4996 Centuriae
774 4930 1073 4996 seniorum
1102 4929 1336 5012 agitant
1364 4929 1637 5014 expertia
1665 4927 1902 5013 frugis,

419 5012 584 5083 Celsi
612 5022 1013 5103 praetereunt·
1028 5024 1272 5090 austu-a
1298 5020 1584 5111 poemata
1610 5014 1914 5093 Ramnes:
