2900 6042
191 1283 255 1352 160
623 1297 810 1369 nemausum

191 1456 321 1542 Rejecta
335 1453 450 1540 praeda
464 1474 556 1538 quam
570 1474 715 1538 praesens
730 1450 903 1516 Mercurius
918 1449 1003 1515 ferti

193 1543 300 1609 Scribe
316 1542 423 1605 decem
439 1541 550 1617 Neri03
573 1561 631 1602 uon
648 1550 695 1602 est
709 1540 798 1602 satis:
824 1538 901 1603 adde
919 1537 1047 1602 Cicutae

192 1629 312 1695 Nodosi
328 1629 446 1691 tabulas
461 1635 595 1704 centum,
611 1627 692 1689 mille
708 1626 787 1688 addo
803 1633 942 1688 catenas:

194 1716 330 1798 Effugiet
347 1723 447 1777 tamen
462 1715 537 1775 haec
553 1713 719 1775 sceleratus
735 1712 856 1775 vincula
872 1711 1010 1775 Proteus.

194 1801 386 1884 (lumrapies
401 1801 432 1862 in
442 1801 495 1883 jus
509 1799 595 1862 malis
610 1799 758 1861 ridentem
774 1798 891 1876 alienis,

193 1889 263 1953 Fiet
278 1909 362 1970 aper,
377 1886 465 1949 modo
480 1885 555 1962 aris,
571 1885 659 1948 modo
673 1905 779 1947 saxum
795 1892 827 1946 et
842 1903 911 1947 cum
926 1884 1008 1947 volet
1022 1883 1123 1948 arbor.

195 1972 229 2039 Si
245 1975 322 2036 male
338 1995 402 2036 rem
418 1994 524 2055 gerere
540 1972 638 2034 insani
647 1979 711 2050 est,
728 1978 835 2034 contra
849 1970 926 2033 bene
942 1971 1019 2050 sani,

194 2060 335 2124 Putidius
350 2060 443 2121 multo
459 2057 617 2121 cerebrum
632 2065 680 2120 est
694 2057 767 2119 mihi
783 2056 885 2134 crede,
902 2055 1019 2136 Perilli,

193 2145 345 2210 Dictautis
361 2145 441 2230 quod
458 2153 491 2206 tu
507 2165 660 2226 nunquam
675 2143 842 2214 rescribere
859 2143 966 2225 possis.

193 2231 312 2296 Audire
329 2238 421 2315 atque
438 2239 539 2314 togam
548 2231 642 2314 jubeo
657 2250 848 2312 componere,
864 2229 1000 2314 quisquis

193 2318 367 2382 Ambitione
383 2318 463 2381 mala
478 2324 532 2380 aut
546 2316 666 2400 argenti
682 2317 775 2400 pallet
790 2336 903 2395 amore,

195 2403 338 2488 Quisquis
352 2405 472 2467 luxuria
488 2404 602 2466 tristive
618 2402 831 2485 superstitione

194 2490 262 2555 Aut
280 2492 337 2554 alio
352 2491 460 2554 mentis
476 2491 578 2553 morbo
593 2490 689 2564 calet3
706 2489 772 2551 huc
788 2488 910 2572 propius
925 2510 986 2569 me,

194 2577 276 2642 Dum
291 2577 385 2641 doceo
400 2577 531 2639 insanire
547 2597 660 2652 omues,
677 2597 730 2638 vos
745 2574 850 2637 ordine
866 2575 958 2638 adite.

194 2662 305 2727 Danda
320 2672 367 2726 est
383 2663 506 2726 ellebori
521 2663 614 2724 multo
631 2683 700 2745 pars
715 2661 845 2723 maxima
860 2661 976 2738 svamm

187 2749 307 2813 ‘Nescio
323 2771 362 2812 an
378 2749 558 2833 Anticyram
574 2748 651 2811 ratio
666 2748 723 2810 illis
740 2747 872 2810 destinet
888 2752 1017 2813 omnem.

194 2835 336 2899 Heredes
353 2832 474 2898 Staberi
489 2856 635 2898 sirnrmam
650 2834 784 2897 incidere
800 2835 954 2917 sepulcro:

194 2920 237 2985 Ni
253 2922 296 2984 sic
311 2922 454 2984 fecissent
470 2922 668 3004 gladiatorum
685 2920 759 2983 dare
775 2929 897 2983 centum

194 3007 337 3072 Damnati
354 3009 462 3091 populo
479 3008 563 3091 paria
578 3017 670 3091 atque
686 3008 808 3091 epulum
825 3007 948 3071 arbitrio
963 3007 1049 3089 Arri,

193 3093 351 3159 Frumenti
367 3102 512 3177 quantum
528 3095 615 3157 metit
630 3095 747 3157 Africa.
798 3092 868 3156 Sive
881 3115 938 3177 ego
953 3115 1047 3178 prave

196 3177 259 3243 Seu
273 3188 357 3243 recte
372 3180 428 3242 hoc
446 3181 536 3255 volui,
551 3203 589 3242 ne
604 3181 645 3242 sis
662 3188 787 3263 patruus
803 3180 884 3242 mihi.
931 3180 1031 3245 Credo

193 3265 263 3330 Hoc
281 3265 401 3329 Staberi
417 3266 597 3350 prudentem
612 3266 744 3329 animum
760 3265 879 3328 vidisse.
925 3266 1006 3340 Quid
1021 3292 1096 3354 ergo

196 3351 299 3416 Sensit
313 3374 382 3416 cum
398 3375 543 3416 summam
561 3353 717 3436 patrimoni
734 3353 905 3434 insculpere
921 3374 994 3418 saxo
1112 3375 1117 3383 ·

194 3439 335 3503 Heredes
352 3438 465 3502 voluit?
511 3438 618 3513 Quoad
636 3440 708 3501 vixit
725 3439 856 3501 credidit
871 3439 978 3522 ingens

194 3524 376 3609 Pauperiem
393 3525 497 3587 vitium
513 3536 545 3588 et
560 3525 641 3589 cavit
656 3526 729 3588 nihil
747 3526 858 3603 aerius,
875 3539 909 3588 ut
924 3527 950 3589 si

194 3612 286 3676 Forte
302 3612 400 3675 minus
415 3613 548 3694 locuples
564 3633 623 3674 uno
639 3613 810 3696 quadrante
827 3613 954 3696 perisset

194 3697 267 3782 Ipse
284 3698 439 3761 videretur
454 3697 509 3760 albi
525 3698 669 3780 nequior:
694 3700 789 3761 omnis
805 3699 886 3761 enim
903 3720 963 3778 res,

194 3783 315 3863 Virtus,
331 3784 422 3863 fama,
439 3783 543 3860 decus,
559 3784 662 3847 divina
675 3785 867 3868 humanaque
885 3786 1018 3869 pulchris

195 3869 317 3934 Divitiis
333 3877 458 3953 parent;
482 3892 557 3953 quas
572 3871 624 3961 qui
640 3872 845 3934 construxerit
858 3872 909 3934 ille

195 3953 305 4020 Clarus
319 3956 388 4033 erit,
404 3956 500 4033 fortis,
511 3959 624 4041 justus.
674 3955 864 4040 Sapiensne?
910 3959 1023 4038 Etiam,
1038 3966 1071 4025 et
1085 3981 1152 4038 rex,

195 4040 239 4105 Et
253 4041 400 4125 quidquid
417 4043 505 4105 volet
551 4042 618 4106 Hoc
636 4044 729 4107 veluti
746 4045 861 4129 uirtute
875 4053 1014 4129 paratum

197 4127 339 4211 Speravit
354 4148 481 4211 magnae
497 4129 581 4192 laudi
596 4131 668 4193 fore.
715 4129 795 4203 Quid
811 4131 907 4194 simile
923 4132 972 4194 isti

197 4212 334 4276 Graecus
350 4214 546 4298 Aristippus?
570 4217 621 4300 qui
636 4238 740 4279 servos
755 4218 902 4301 projicere
918 4238 1026 4281 eurum
1203 4241 1251 4294 100

197 4297 234 4361 In
249 4299 349 4360 medie
359 4300 452 4383 jussit
467 4301 576 4386 Libya,
592 4303 661 4386 quia
678 4303 794 4366 tardius
809 4305 889 4366 irent

198 4379 327 4465 Propter
342 4406 417 4448 onus
433 4409 551 4470 segnes.
570 4415 574 4422 ·
598 4388 679 4453 Uter
694 4399 742 4451 est
756 4389 888 4454 insanior
903 4388 1035 4453 herum?

197 4466 250 4528 Nil
266 4468 330 4548 agit
344 4475 524 4554 exemplum,
541 4475 623 4538 litem
636 4474 716 4558 quod
729 4476 781 4537 lite
797 4475 930 4538 resolvit.

199 4549 232 4613 si
247 4552 316 4634 quis
331 4565 413 4618 emat
426 4559 569 4639 citharas,
585 4571 703 4644 emptas
719 4569 887 4643 comportet
901 4563 932 4623 in
948 4583 1055 4645 tinum,

197 4632 265 4698 Nee
281 4638 381 4701 studio
397 4642 530 4708 citharae
547 4669 603 4710 nec
619 4647 728 4711 Musae
744 4647 865 4710 deditus
880 4648 952 4723 ulli3
1207 4669 1255 4723 ιω

199 4717 233 4782 Si
247 4720 367 4801 scalpra
381 4733 415 4787 ct
429 4729 541 4796 formas
555 4755 614 4798 non
630 4742 725 4812 sutor,
740 4733 864 4798 nautica
878 4734 947 4800 vela

196 4802 335 4867 Aversus
350 4817 551 4880 mercaturis:
576 4819 690 4884 delims
705 4827 739 4884 et
756 4839 860 4884 amens
