2900 6042
497 1817 501 1826 ’
585 1827 624 1906 Q.
647 1828 836 1896 ΗΟΒΑΤΠ
864 1829 1023 1899 FLAOCI

423 1996 1101 2167 ‘onnurnuu

662 2324 776 2381 LIBER
797 2326 949 2387 PRIMUS.

727 2552 882 2599 ...4-

655 2744 884 2813 OARMEN
911 2746 947 2813 1.

454 2956 638 3022 Msucnuus
653 2956 749 3022 atavis
763 2956 844 3021 edite
858 2955 981 3042 reglum

453 3041 482 3107 Ο
498 3049 530 3106 et
543 3042 729 3127 praesidium
740 3049 773 3105 et
787 3042 875 3106 dulce
890 3043 984 3108 deone
997 3064 1109 3124 meum,

455 3127 534 3192 Sunt
548 3149 623 3228 quos
637 3127 786 3192 curriculo
801 3129 957 3212 pulverem
973 3128 1165 3218 Olympicum

454 3212 619 3297 Collegrsse
629 3214 718 3297 juvat
731 3220 872 3297 metaque
886 3214 1011 3279 fervidis

452 3298 577 3363 Eritata
590 3299 664 3363 rotis
677 3299 835 3383 palmaque
850 3300 919 3362 nobi
931 3299 938 3314 “
976 3337 980 3345 ·

453 3384 616 3449 Terrarum
633 3384 766 3448 dominae
781 3385 882 3448 evehit
896 3385 936 3448 ad
982 3404 1061 3464 cosp,
1084 3405 1089 3414 ·

450 3469 545 3534 Hune
570 3470 597 3534 si
610 3470 763 3534 mobilium
777 3465 867 3534 turba
880 3460 1042 3545 Quiritium

453 3554 560 3619 (lentat
574 3555 748 3640 tergeminis
763 3556 866 3619 tollere
881 3555 1065 3634 honoribus3

452 3639 544 3704 Illum
570 3640 596 3704 si
610 3641 729 3724 proprio
744 3641 877 3703 condidit
890 3640 997 3703 horreo

455 3722 606 3815 Quidquid
621 3725 659 3788 de
675 3724 797 3806 Libycis
812 3724 943 3786 verritur
957 3723 1046 3786 areis.

453 3808 644 3873 Gaudentem
660 3809 773 3890 patrios
787 3808 902 3869 findere
917 3808 1036 3870 sarculo

452 3893 555 3978 Agros
570 3892 712 3955 Attalicis
728 3889 945 3955 conditionibus

426 4050 429 4055 ,
453 3978 619 4063 Nunquam
633 3977 796 4057 dimoveas,
811 3983 846 4040 ut
860 3978 946 4042 trabe
962 3975 1077 4062 Cypria

363 4063 366 4068 ’
388 4066 428 4135 ,·““
453 4064 610 4150 Myrtoum
624 4064 751 4149 pavidue
765 4072 859 4127 nauta
873 4070 957 4128 secet
970 4084 1066 4128 mare.

394 4158 399 4165 “
453 4149 633 4214 Luctantem
649 4150 757 4214 Icariis
770 4151 909 4214 fluctibus
923 4150 1065 4216 Africum
1294 4172 1326 4230 ιε

452 4235 608 4301 Mercator
620 4243 759 4300 metuens
774 4237 867 4305 otium
882 4242 914 4299 et
928 4235 1028 4319 oppidi

454 4321 575 4386 Laudat
589 4343 662 4385 nura
675 4322 721 4384 eui
733 4341 742 4397 3
763 4342 832 4385 mox
846 4321 944 4384 reficit
957 4328 1040 4384 rates

455 4405 587 4480 Quassus
601 4405 736 4470 indocilis
753 4408 926 4491 pauperiem
940 4406 1013 4488 pati.

454 4491 512 4556 use
537 4492 589 4576 qui
601 4512 658 4554 nec
674 4491 785 4554 veteris
800 4492 908 4575 poeula
921 4489 1045 4554 Massici

453 4576 522 4641 Nec
538 4583 654 4662 purtem
668 4576 762 4639 solido
773 4576 895 4639 demere
911 4576 949 4639 de
964 4576 1013 4638 die
1292 4595 1326 4647 ω

456 4661 590 4747 Spernit,
604 4681 685 4725 nuno
702 4654 789 4724 viridi
803 4661 938 4724 membra
952 4660 1008 4724 sub
1023 4658 1132 4723 arbuto

456 4748 589 4828 Stratus,
603 4766 690 4896 numi
699 4745 740 4810 ad
754 4766 851 4831 aquae
864 4747 933 4811 lene
949 4749 1041 4830 eaput
1054 4763 1170 4811 sacrae.
