2900 6042
343 1296 465 1384 ·''r'8

1247 1332 1598 1381 mumma

807 1487 1019 1555 Beluis
1066 1492 1315 1572 pontum
1345 1486 1693 1572 mediasque
1721 1487 1972 1557 flando·

1151 1571 1377 1636 Palluit
1402 1573 1624 1636 audax.

807 1658 1026 1742 Nuper
1051 1658 1114 1721 in
1144 1658 1331 1745 pratis
1361 1658 1630 1721 studiosa
1655 1658 1869 1723 florum
1896 1666 1964 1725 et

807 1745 1064 1808 Debitae
1096 1740 1396 1828 Nymphis
1419 1744 1620 1825 opifex
1647 1763 1903 1809 coronae

808 1829 1008 1894 Nocte
1038 1829 1322 1893 sublustri
1350 1828 1497 1890 nihil
1527 1836 1692 1892 astra
1724 1837 1972 1914 praeter

1148 1912 1324 1978 Vidit
1350 1919 1415 1975 et
1443 1913 1656 1977 undas-

812 1997 985 2071 Quae
1014 1997 1191 2061 simul
1219 2004 1462 2061 centum
1492 1997 1695 2082 tetigit
1723 2005 2033 2083 potentem

813 2082 1066 2167 Oppidis
1098 2082 1357 2147 Creten:
1407 2083 1619 2162 Pater,
1649 2105 1685 2147 o
1714 2084 1990 2152 relictum

807 2168 999 2233 Filiae
1028 2189 1244 2231 nomen
1273 2169 1610 2252 pietasque,
1640 2168 1815 2250 dixit,

1151 2251 1339 2316 Victa
1365 2252 1605 2318 furore!

808 2336 995 2404 Unde
1023 2357 1142 2423 quo
1172 2337 1363 2402 veni?
1453 2337 1633 2401 Levis
1665 2358 1788 2403 una
1813 2356 1971 2403 mors
1999 2345 2094 2405 est

810 2423 1134 2507 Virginum
1164 2423 1399 2507 culpae.
1489 2422 1847 2506 Vigilansne
1875 2424 2045 2509 ploro

1042 2508 1440 2588 commissum,
1465 2528 1543 2571 an
1573 2509 1731 2573 vitiis
1760 2516 2068 2575 carentem

1147 2592 1376 2657 Ludit
1360 2613 1559 2676 imago

803 2678 986 2745 Vana
1032 2698 1189 2762 quae
1218 2685 1394 2762 porta
1419 2678 1546 2741 fu’
1489 2698 1660 2761 giens
1688 2678 1919 2743 eburna

810 2763 1118 2829 Somnium
1148 2764 1356 2827 ducit
1335 2762 1362 2799 ‘³
1450 2763 1751 2827 Meliusne
1779 2764 2001 2830 fluetus

804 2849 909 2913 Ire
938 2868 1049 2933 per
1073 2850 1282 2933 longos
1310 2849 1427 2912 fuit
1478 2869 1557 2912 an
1586 2855 1863 2914 recentes

1148 2933 1413 3017 Carpere
1442 2933 1665 2998 flores?

807 3015 875 3082 Si
905 3016 1040 3100 quis
1067 3016 1349 3081 infamem
1377 3019 1522 3082 mihi
1550 3038 1712 3083 nunc
1730 3019 2063 3104 juvencum

802 3101 1010 3166 Dedat
1037 3102 1228 3165 iratae
1280 3103 1550 3168 lacerare
1580 3105 1742 3168 ferro
1772 3110 1837 3169 et

805 3187 1117 3271 Frangere
1147 3188 1343 3252 enitar
1369 3189 1546 3253 modo
1573 3190 1829 3253 multum
1856 3189 2042 3255 amati

1148 3272 1391 3338 Cornua
1418 3276 1685 3338 monstri.

800 3357 1131 3444 Impudens
1160 3359 1307 3444 liqui
1337 3361 1561 3444 patrios
1591 3359 1875 3439 Penates,

799 3444 1129 3546 Impudens
1160 3445 1388 3509 Orcum
1414 3467 1634 3509 moror.
1726 3445 1781 3509 O
1813 3444 2066 3509 deorum

804 3529 873 3597 Si
902 3532 1036 3618 quis
1065 3532 1215 3595 haec
1247 3531 1442 3610 audis,
1472 3531 1704 3595 utinam
1731 3531 1893 3595 inter
1920 3545 2120 3594 errem

1138 3616 1329 3681 Nuda
1355 3615 1614 3684 leones!

798 3698 1150 3787 Antequam
1179 3703 1370 3787 turpis
1398 3702 1625 3765 macies
1656 3700 1944 3763 decentes

801 3786 1078 3871 Occupet
1104 3789 1316 3866 malae,
1348 3795 1716 3870 teneraeque
1744 3802 1928 3849 sucus

795 3870 1042 3936 Defluat
1070 3872 1355 3955 praedae,
1386 3872 1658 3969 speciosa
1685 3888 1911 3955 quaero

1137 3954 1398 4017 Pascere
1428 3956 1638 4036 tigres·

796 4036 955 4101 Vilis
985 4036 1251 4121 Europe,
1281 4045 1458 4119 pater
1484 4043 1666 4118 urget
1695 4036 1955 4102 absens·

800 4120 962 4196 Quid
991 4122 1141 4184 mori
1170 4121 1416 4185 cessas?
1505 4120 1691 4183 Potes
1717 4122 1832 4185 hac
1858 4124 1935 4188 ab
1964 4142 2111 4188 orno

800 4207 1140 4274 Pendulum
1169 4227 1318 4270 zona
1345 4206 1499 4269 bene
1533 4212 1595 4269 te
1624 4214 1835 4271 secuta

1137 4292 1412 4357 Laedere
1443 4293 1683 4356 collum.

801 4377 945 4444 Sive
974 4384 1037 4442 te
1065 4399 1246 4463 rupes
1275 4386 1341 4443 et
1369 4387 1552 4442 acuta
1571 4378 1692 4442 leto

802 4462 967 4530 Saxa
994 4465 1299 4530 delectant
1350 4486 1466 4549 age
1521 4472 1580 4527 te
1611 4463 1910 4549 procellae

798 4551 997 4617 Crede
1026 4553 1235 4633 veloci,
1244 4552 1358 4615 nisi
1386 4551 1576 4614 herile
1606 4550 1795 4614 mavis

1139 4636 1403 4721 Carpere
1434 4657 1685 4720 pensum

800 4721 1033 4804 Regius
1061 4723 1303 4804 sanguis
1355 4722 1750 4805 dominaeque
1778 4715 1940 4781 tradi

796 4805 1106 4871 Barbarae
1136 4808 1333 4892 pellex
1338 4807 1683 4872 .—-Aderat
1708 4800 1990 4890 querenti
