2900 6042
535 1681 765 1749 cARMEN
803 1682 877 1750 lv.

356 2023 457 2089 Luem
470 2030 503 2089 et
517 2025 603 2107 agnis
618 2029 732 2107 quanta
746 2023 851 2089 sortito
865 2024 985 2111 obtigit,

402 2111 516 2174 Tecum
529 2109 602 2173 mihi
616 2109 767 2173 discordia
780 2116 839 2190 eet,

356 2195 509 2260 Hibenicis
523 2201 647 2280 peruste
661 2194 784 2258 funibus
794 2195 874 2260 latua

399 2279 443 2343 Et
457 2301 547 2344 crura
563 2280 640 2344 dura
653 2280 809 2363 compede
861 2316 867 2325 ·

356 2363 444 2429 Licet
457 2367 604 2450 superbus
619 2365 753 2429 ambules
768 2366 907 2450 pecunia,

402 2451 537 2516 Fortuna
551 2473 610 2515 non
624 2457 722 2514 mutat
737 2449 843 2534 genna.

358 2535 505 2616 Vndesne,
523 2536 648 2601 Sacram
661 2536 806 2600 metiente
821 2544 852 2601 te
868 2534 949 2600 viam
1066 2536 1080 2561 ⁸

401 2620 478 2687 Cum
492 2623 538 2687 bis
553 2623 643 2686 tn'um
658 2623 797 2686 ulnarum
814 2629 896 2705 toga,

356 2706 403 2772 Ut
416 2728 469 2771 ora
482 2715 583 2771 vertat
597 2708 657 2771 hue
673 2715 705 2771 et
718 2707 778 2771 hue
789 2707 925 2773 euntium

293 2848 295 2852 ,
400 2792 567 2856 Libertina
581 2792 773 2878 indignatio?

360 2876 469 2942 Seetus
483 2879 609 2962 flagellis
623 2879 671 2942 hie
686 2877 920 2943 tniumviralibne

401 2962 563 3028 Praeconis
578 2963 617 3027 ad
632 2963 786 3028 fastidium
891 3000 904 3025 .

357 3046 437 3115 Ant
451 3048 573 3113 Falerni
588 3050 669 3114 mille
684 3049 771 3112 standi
779 3049 892 3148 jugera

400 3131 443 3196 Et
453 3134 585 3218 Appiam
599 3135 715 3199 mannis
732 3140 815 3214 tent,

360 3215 570 3302 Sedilibusque
584 3241 711 3304 magnus
725 3219 758 3283 in
768 3218 874 3368 grinde
890 3239 985 3306 equa
1195 3244 1228 3294 15

402 3302 521 3368 Othone
537 3312 706 3393 contempto
733 3326 766 3370 se
789 3305 839 3371 et!

358 3385 438 3465 Quid
453 3390 562 3454 attinet
577 3398 622 3454 tot
635 3412 689 3455 ora
702 3392 825 3455 navium
839 3388 926 3475 gnavi

399 3475 543 3540 Rostrata
558 3477 628 3541 duci
642 3476 775 3560 pondere

356 3557 470 3626 Contra
483 3564 615 3628 latrones
629 3572 720 3646 atque
733 3562 873 3626 servilem
886 3581 1010 3628 manum

398 3646 480 3729 Hoe,
494 3649 551 3712 hoe
566 3649 685 3712 tribuno
699 3645 851 3712 militum?
1194 3669 1229 3720 m

550 4070 779 4138 GARMEN
806 4073 850 4139 V.

353 4410 416 4492 An,
431 4435 449 4477 ο
464 4412 589 4478 deorum
603 4413 747 4498 quidquid
760 4415 793 4478 in
807 4417 892 4484 eaelo
905 4417 986 4504 regit

399 4498 508 4563 Terras
523 4507 555 4563 et
568 4501 732 4565 humanum
747 4523 855 4587 genua,

358 4579 437 4655 Quid
452 4586 508 4648 iste
523 4586 584 4648 fert
599 4588 767 4650 tumultus?
790 4596 844 4651 aut
859 4589 933 4672 quid
947 4588 1079 4655 omnium

398 4669 511 4735 Vultus
526 4670 557 4735 in
572 4694 663 4735 unum
678 4694 726 4736 me
742 4673 868 4738 tmees?

355 4750 418 4817 Per
431 4755 540 4820 liberos
555 4764 598 4835 te,
612 4759 638 4823 ei
654 4765 760 4822 vocata
774 4760 921 4845 partubus
1047 4762 1060 4787 ⁶

398 4837 514 4905 Lucina
527 4842 607 4906 veris
622 4845 720 4925 affuit,
