2900 6042
621 1223 794 1273 dammum

361 1376 433 1443 Non
446 1377 510 1441 sola
524 1378 657 1456 comptos
671 1373 748 1438 ursit
761 1369 894 1441 adulteri

361 1461 480 1540 Crines,
495 1466 527 1524 et
541 1481 648 1525 aurum
662 1460 795 1524 vestibus
801 1460 917 1530 illitum

401 1546 516 1610 Mrrsta
540 1546 718 1628 regalesque
734 1544 833 1608 cultus

444 1629 486 1693 Et
500 1632 623 1694 comites
638 1630 757 1693 Helene
772 1629 924 1709 Lacaena,

360 1715 517 1779 Primusve
532 1715 650 1778 Teucer
664 1715 727 1777 tela
742 1713 877 1797 Cydonio

357 1800 477 1867 Direxit
491 1818 584 1873 arou3
606 1820 666 1862 non
680 1800 774 1862 semel
787 1799 860 1863 Ilios

403 1884 544 1959 Vexatc;
566 1905 625 1947 non
639 1885 785 1966 pugnavit
798 1884 905 1968 ingens

445 1968 624 2032 Idomeneus
640 1968 839 2033 Sthenelusve
853 1969 934 2035 solus

360 2053 499 2118 Dicenda
513 2053 609 2116 Musis
624 2054 755 2136 proelia3
777 2075 836 2117 non
849 2055 935 2118 ferox
987 2128 991 2137 Ι

359 2138 477 2202 Hector
492 2138 541 2201 vel
555 2159 627 2201 acer
640 2138 814 2222 Deiphobus
828 2158 937 2221 graves

404 2222 534 2305 Excepit
546 2223 624 2287 ictus
639 2245 693 2306 pro
708 2223 825 2306 pudicis

446 2305 628 2392 conjugibus
643 2309 803 2391 puerisque
818 2306 943 2392 primus.

358 2391 473 2456 Visere
487 2394 580 2456 fortes
594 2400 664 2456 ante
680 2392 909 2475 Agamemnona
930 2458 933 2463 .

356 2477 467 2555 Multi3
490 2477 543 2541 sed
559 2499 659 2542 omues
674 2478 904 2544 illucrumubiles

400 2562 559 2645 Urgentur
572 2563 725 2646 ignotique
739 2564 830 2646 longa

442 2646 474 2709 N
475 2655 553 2726 octe,
569 2657 674 2710 curent
688 2648 761 2731 quia
774 2655 843 2713 vate
857 2666 954 2715 sacru.

359 2732 498 2796 Paullum
512 2734 646 2815 sepultae
661 2733 754 2797 distat
767 2733 893 2797 inertiae

361 2817 467 2881 Celata
480 2818 585 2881 virtus.
629 2817 701 2882 Non
715 2839 772 2899 ego
787 2825 817 2882 te
832 2818 907 2884 meis

404 2900 522 2965 Churtis
536 2903 705 2991 inornetum
719 2903 822 2982 silebo,

441 2986 534 3050 Totve
550 2994 615 3051 tuos
630 2990 728 3071 patiar
742 2989 859 3053 labores

357 3069 496 3153 Impune,
511 3071 597 3150 Lolli,
612 3093 738 3156 carpere
752 3074 858 3137 lividas

358 3153 538 3219 Obliviones.
562 3156 619 3221 Est
632 3160 747 3222 suimus
763 3159 817 3221 tibi

400 3240 574 3325 Rerumque
590 3244 720 3325 prudens
748 3250 780 3306 ct
793 3242 934 3307 secundis

441 3327 635 3409 Temporibus
649 3327 805 3412 dubiisque
820 3337 938 3408 rectus,

355 3410 478 3475 deex
492 3432 599 3475 avarus
614 3412 739 3493 fraudis,
755 3421 787 3477 et
800 3413 951 3479 abstinens

355 3495 503 3561 Ducentis
517 3497 555 3561 ad
569 3519 601 3560 se
616 3506 726 3561 cuncta
741 3499 897 3581 pecuniae,

399 3581 569 3667 Consulque
584 3604 643 3646 non
658 3584 746 3647 unius
761 3584 832 3646 anni

441 3666 503 3730 Sed
517 3669 632 3751 quoties
648 3669 743 3733 bonus
759 3676 850 3752 atque
863 3667 943 3734 fidos

353 3750 376 3815 J
377 3751 456 3813 udex
470 3753 626 3817 honestum
641 3754 784 3837 praetulit
797 3754 875 3835 utili,

356 3835 477 3899 Re‘ecit
490 3837 550 3900 alto
564 3838 642 3901 dona
656 3839 826 3902 nocentium

397 3859 506 3996 ilultu,
521 3942 576 4002 per
590 3922 742 3984 obstantes
756 3931 894 3989 catervas

440 4003 592 4085 Explicuit
605 4025 662 4069 sus
676 4006 770 4069 vietor
784 4029 877 4072 arms.

356 4087 642 4171 Non'possidentcm
656 4090 752 4152 multa
765 4094 919 4158 vocaveris

358 4174 455 4239 Recte
470 4174 609 4238 beatum:
633 4175 744 4240 rectius
759 4186 886 4261 occupat

397 4259 430 4324 N
431 4281 517 4323 omen
530 4260 610 4324 beati
637 4260 688 4347 qui
703 4260 828 4326 deorum

438 4343 615 4411 Muneribus
630 4347 780 4431 sapienter
794 4349 839 4411 uti

353 4428 528 4516 Duramque
541 4433 630 4496 callet
645 4434 817 4516 pauperiem
831 4432 906 4517 peti,

354 4515 506 4599 Peiusque
521 4518 582 4581 leto
597 4520 742 4601 flagitium
757 4517 854 4598 timet,

394 4582 464 4665 llon
479 4603 529 4665 ille
544 4624 598 4686 pro
613 4605 690 4667 caris
704 4603 807 4666 amicis

438 4685 506 4749 Aut
519 4689 617 4771 patrio
627 4688 750 4753 timidus
764 4687 873 4773 perire.
