2900 6042
998 1574 1129 1621 Lm.
1176 1574 1253 1621 11.
1297 1574 1495 1621 CARM.
1544 1575 1656 1622 XX.

631 1730 753 1794 Fas
782 1728 1129 1814 pervicaces
1160 1735 1253 1792 est
1281 1729 1423 1792 mihi
1455 1729 1756 1813 Thyiadas

630 1816 896 1899 Viniquc
929 1815 1161 1878 fontem·
1205 1816 1378 1878 lactis
1410 1822 1474 1877 et
1495 1815 1711 1879 uberes

718 1900 980 1966 Cantare
1011 1902 1191 1979 rivos,
1223 1909 1404 1984 atque
1437 1902 1665 1964 truncis

799 1987 999 2070 Lapsa
1029 1987 1190 2050 cavis
1221 1988 1440 2050 iterare
1473 1989 1694 2065 mella;

627 2071 748 2136 Fas
779 2081 842 2136 et
871 2074 1083 2135 beatae
1115 2074 1382 2157 conjugis
1413 2073 1685 2136 additum

634 2157 837 2224 Stellis
866 2159 1146 2221 honorem
1204 2167 1483 2241 tect-aque
1518 2159 1774 2223 Penthei

713 2244 987 2326 Disjecta
1014 2266 1132 2307 non
1161 2246 1280 2307 leni
1309 2247 1503 2323 ruina,

803 2331 1053 2394 Thracis
1083 2338 1146 2393 et
1175 2331 1421 2393 exitium
1451 2330 1740 2414 Lycur-gl.

624 2416 720 2480 'ru
745 2416 938 2480 flectis
968 2437 1193 2495 amnes,
1225 2424 1292 2479 tu
1320 2437 1485 2479 mare
1517 2417 1859 2496 barbarum,

625 2502 720 2566 Tu
748 2503 1041 2586 separatis
1072 2502 1287 2565 uvidus
1316 2502 1378 2564 in
1399 2502 1565 2586 jugis

715 2587 781 2651 N
783 2588 895 2651 odo
926 2593 1172 2651 coerces
1202 2588 1469 2671 viperino

795 2672 1173 2736 Bistonidum
1203 2674 1330 2736 sine
1360 2673 1574 2736 fraude
1606 2672 1841 2737 crines:

627 2759 743 2836 Tu,
800 2780 938 2823 cum
989 2759 1254 2842 parentis
1284 2779 1474 2842 regna
1502 2780 1612 2843 per
1640 2757 1893 2824 arduum

628 2844 855 2910 Cohors
888 2843 1216 2928 Gigantum
1245 2845 1565 2908 scanderet
1591 2844 1797 2930 impia,

710 2931 1011 2994 Rhoetum
1042 2931 1333 2994 retorsisti
1361 2931 1550 2994 leonis

796 3015 1122 3100 Unguibus
1151 3017 1534 3100 horribilique
1566 3015 1770 3094 mala3

627 3100 1002 3186 Quamquam
1033 3103 1264 3167 choreis
1295 3103 1488 3186 aptior
1517 3110 1580 3165 et
1596 3103 1753 3187 jocis

624 3187 916 3272 Ludoque
948 3189 1143 3252 dictus
1175 3211 1291 3252 non
1319 3196 1415 3252 sat
1442 3189 1693 3252 idoneus

710 3274 961 3356 Pugnae
993 3275 1316 3338 ferebaris:
1366 3275 1474 3338 sed
1506 3275 1666 3338 idem

797 3360 976 3424 Pacis
1004 3382 1138 3424 eras
1170 3361 1517 3445 mediusque
1546 3359 1709 3425 belli.

624 3445 712 3510 Te
742 3446 893 3509 vidit
921 3447 1121 3510 insons
1152 3446 1453 3511 Cerberus
1483 3468 1666 3511 aureo

626 3531 830 3597 Cornu
859 3532 1164 3612 decorum,
1192 3534 1411 3597 leniter
1440 3540 1707 3598 atterens

712 3616 1006 3697 Caudam,
1037 3625 1101 3682 et
1129 3619 1468 3683 recedentis
1497 3619 1765 3703 trilingui

798 3702 921 3768 Ore
952 3704 1137 3790 pedes
1170 3705 1487 3790 tetigitque
1519 3725 1717 3770 crura.

980 4134 1431 4201 OARMEN
1489 4135 1678 4245 XX!

619 4478 773 4543 NON
801 4479 1021 4543 usitata
1046 4500 1158 4544 nec
1190 4481 1356 4545 tenui
1385 4482 1550 4546 ferar

616 4564 830 4629 Penna
857 4566 1120 4629 biformis
1150 4589 1260 4651 per
1288 4568 1581 4651 liquidum
1610 4567 1861 4633 aethera

702 4651 921 4729 VateS‚
949 4673 1147 4735 neque
1177 4653 1241 4714 in
1272 4654 1448 4716 terris
1477 4654 1752 4717 morabor

789 4735 1078 4817 Longius,
1137 4737 1481 4821 invidiaque
1511 4739 1701 4823 major

617 4819 826 4887 'Urbes
854 4822 1208 4905 relinquam.
1300 4823 1362 4885 N
1365 4845 1442 4886 on
1472 4845 1585 4907 ego
1615 4842 1947 4907 pauperum

620 4905 881 4990 Sanguis
909 4914 1247 4993 parentum,
1276 4930 1395 4972 non
1425 4930 1539 4991 ego
1592 4930 1772 4993 quem
1800 4927 1999 4992 voeaS,

702 4992 941 5057 Dilecte
996 4993 1342 5074 MaecenaS,
1374 4995 1569 5074 obib0,

787 5078 924 5144 Nec
958 5077 1176 5229 Sgygia
1203 5081 1523 5145 cohibebor
1549 5080 1732 5145 unda.

2283 1557 2369 1622 49

2309 1837 2369 1886 10

2306 2264 2369 2315 15

2300 2692 2366 2743 20
