2900 6042
930 1476 1060 1522 ΠΒ.
1110 1473 1184 1522 11.
1234 1476 1429 1523 CARM.
1480 1478 1621 1525 XVI.

742 1627 1193 1713 Praescriptum
1223 1637 1285 1693 et
1316 1631 1534 1694 intonsi
1566 1630 1809 1698 Catonis

826 1713 1130 1797 Auspiciis
1186 1724 1575 1799 veterumque
1606 1740 1833 1782 norma.

661 1796 943 1862 Privatus
971 1801 1085 1863 illis
1116 1822 1331 1864 census
1362 1810 1497 1864 erat
1524 1803 1744 1882 brevis,

661 1881 988 1948 Commune
1018 1907 1341 1968 magnum:
1385 1888 1553 1950 nulla
1589 1888 1970 1973 decempedis

740 1969 979 2033 Metata
1006 1972 1253 2054 privatis
1283 1993 1531 2055 opacam

829 2054 1106 2120 Porticus
1139 2057 1480 2141 excipiebat
1505 2058 1764 2136 Arcton,
1878 2121 1883 2126 .

656 2137 793 2202 Nec
823 2140 1134 2204 fortuitum
1162 2163 1447 2225 spernere
1479 2145 1810 2229 caespitem

662 2222 742 2288 Le
786 2246 852 2288 es
881 2226 1177 2307 sinebant,
1206 2228 1426 2312 oppida
1453 2231 1691 2314 publico

796 2320 1004 2396 umptu
1025 2312 1314 2395 jubentes
1344 2321 1408 2376 et
1439 2315 1691 2377 deorum

828 2396 1078 2480 Templa
1104 2420 1256 2462 novo
1286 2399 1572 2466 decorare
1601 2422 1767 2466 saxo.

889 2824 1349 2890 GARMEN
1406 2824 1649 2891 XVI.

662 3163 882 3230 OTIUM
911 3166 1077 3230 divos
1106 3174 1283 3251 rogat
1315 3168 1378 3231 in
1407 3172 1654 3252 patente

658 3249 924 3316 Prensus
951 3251 1227 3335 Aegaeo,
1256 3254 1431 3317 simul
1460 3261 1595 3318 atra
1610 3254 1811 3320 «nubes

662 3334 947 3401 Condidit
1005 3336 1208 3402 lunam
1262 3360 1460 3422 neque
1490 3347 1659 3404 certa
1685 3340 1923 3426 fulgent

1001 3423 1215 3487 Sidera.
1241 3425 1440 3487 nautis
1461 3444 1478 3501 3

662 3505 870 3571 Otium
896 3508 1053 3572 bello
1081 3509 1304 3572 furiosa
1332 3509 1589 3588 Thrace,

664 3592 870 3656 Otium
899 3593 1068 3657 Medi
1100 3595 1382 3678 pharetra
1411 3594 1637 3674 decori,

661 3676 957 3762 Grosphe‚
988 3700 1106 3742 non
1136 3680 1384 3762 gemmis
1413 3700 1611 3762 neque
1641 3698 1907 3764 purpura
1934 3699 2030 3743 ve-

999 3765 1136 3826 nale
1165 3785 1362 3846 neque
1393 3784 1561 3826 auro.

659 3845 804 3909 Non
836 3849 993 3910 enim
1024 3869 1205 3929 gazae
1235 3869 1432 3931 neque
1470 3846 1795 3911 consularis

662 3929 1012 3995 Summovet
1038 3934 1213 3996 lictor
1241 3934 1487 3996 miseros
1517 3933 1809 3996 tumultus

656 4015 915 4098 Mentis,
938 4025 1002 4081 et
1031 4040 1208 4082 curas
1236 4020 1519 4102 laqueata
1554 4018 1781 4082 circum

996 4104 1185 4168 Tecta
1218 4105 1503 4168 volantes.

659 4187 907 4253 Vivitur
933 4210 1118 4272 parvo
1146 4191 1299 4254 bene
1353 4191 1449 4254 cui
1480 4196 1798 4274 paternum

661 4271 952 4358 Splendet
979 4276 1042 4339 in
1070 4297 1275 4340 mensa
1305 4277 1471 4339 tenui
1501 4277 1780 4353 salinum,

658 4357 722 4422 N
725 4380 795 4423 eo
825 4361 988 4424 leves
1018 4383 1252 4425 somnos
1282 4362 1459 4425 timor
1487 4369 1595 4425 aut
1624 4361 1842 4445 cupido

999 4445 1289 4510 Sordidus
1317 4449 1537 4510 aufert.

658 4527 818 4603 Quid
846 4531 1016 4593 brevi
1044 4533 1231 4595 fortes
1249 4533 1593 4615 jaculamur
1621 4551 1770 4595 aevo

657 4613 858 4677 Multa
885 4615 910 4677 ἱ)
939 4615 1100 4690 Quid
1129 4624 1322 4679 terras
1353 4617 1468 4679 alio
1499 4618 1765 4680 calentes

663 4697 801 4764 Sole
832 4708 1128 4764 mutamus
1154 4700 1180 4764 ⁴?
1270 4701 1513 4764 Patriae
1584 4702 1678 4764 uis
1707 4699 1876 4763 exsul

1001 4785 1081 4850 Se
1113 4807 1349 4869 quoque
1379 4723 1587 4868 fugit&

666 4867 917 4934 Scandit
946 4879 1180 4935 aeratas
1211 4872 1421 4935 vitiosa
1449 4892 1633 4935 naves

659 4952 824 5020 Cura
875 4977 987 5020 nec
1019 4965 1244 5021 turmas
1273 4958 1543 5041 equitum
1577 4955 1881 5040 relinquit,

2249 1997 2354 2047 15*

2252 3955 2315 4005 10

2248 4381 2311 4429 15
