2900 6042
994 1511 1126 1558 mn.
1173 1511 1278 1559 111.
1325 1510 1523 1558 cm.
1573 1510 1668 1559 vr.
1934 1500 1942 1507 '
2292 1497 2379 1563 59

634 1665 845 1730 Donec
875 1663 1148 1729 labantes
1178 1666 1418 1730 consilio
1462 1671 1669 1750 patres
2313 1687 2379 1739 45

633 1750 936 1816 Firmaret
964 1763 1175 1814 auctor
1201 1773 1510 1836 nunquam
1541 1753 1689 1816 alias
1717 1748 1884 1835 dato,

725 1836 1016 1921 Interque
1045 1845 1383 1902 maerentes
1412 1839 1634 1902 amicos

810 1922 1112 2005 Egregius
1142 1931 1493 2007 properaret
1522 1924 1714 1987 exsul.

640 2006 836 2091 Atqui
864 2008 1093 2071 sciebat
1121 2029 1276 2092 quae
1306 2009 1418 2073 sibi
1446 2010 1739 2074 barbarus
2210 2074 2214 2079 .

639 2092 856 2163 Tortor
882 2101 1127 2177 pararet
1151 2114 1168 2170 ;
1210 2115 1330 2160 non
1359 2093 1535 2159 aliter
1564 2092 1767 2158 tame‘n
2313 2116 2381 2169 ω

722 2179 991 2243 Dimovit
1018 2180 1322 2243 obstantes
1353 2181 1736 2264 propinqum,

807 2264 894 2327 Et
919 2265 1204 2348 populum
1234 2265 1465 2329 reditus
1492 2272 1849 2346 morantem,

640 2347 838 2430 Quam
868 2349 919 2413 si
950 2351 1234 2413 clientum
1262 2351 1444 2434 longa
1472 2353 1717 2436 negotia

636 2433 987 2499 Di’udicata
1013 2436 1118 2498 lite
1150 2435 1540 2520 relinqueret,

684 2459 1005 2584 diffindens
1034 2520 1416 2585 Venafranos
1444 2522 1510 2586 in
1537 2541 1715 2605 agros
1830 2562 1834 2566 ·
2314 2539 2383 2593 5⁵

811 2604 947 2669 Aut
972 2604 1518 2670 Lacedaemonium
1544 2607 1894 2672 Tarentum.

997 3003 1457 3100 oARMEN
1513 3034 1673 3101 v1.

636 3375 930 3443 Dmcn
958 3378 1250 3463 majorum
1281 3377 1613 3442 immeritus
1638 3377 1795 3461 lues,

639 3462 934 3543 Romane,
964 3461 1155 3526 donec
1185 3465 1410 3548 templa
1438 3463 1726 3528 refeceris

651 3613 667 3629 ‚
721 3548 900 3613 Aede
974 3570 1050 3612 ue
1079 3547 1352 3611 labentes
1381 3548 1630 3612 deorum
1682 3554 1747 3612 et

806 3633 934 3697 -Foe
980 3654 1017 3697 a
1042 3653 1215 3716 mgro
1246 3633 1565 3696 simulacra
1590 3634 1775 3698 fumo.

641 3717 755 3784 Dis
783 3724 846 3782 te
874 3718 1162 3781 minorem
1192 3719 1352 3801 quod
1381 3719 1543 3801 geris
1593 3717 1673 3780 im
1754 3725 1888 3782 ras}
2343 3737 2382 3790 5

639 3804 806 3869 Hinc
837 3824 1010 3867 omne
1039 3803 1416 3887 principium,
1446 3804 1566 3866 huc
1595 3823 1662 3866 re
1690 3823 1759 3868 er
1785 3803 2031 3870 exitum.

725 3888 811 3954 Di
835 3889 1027 3952 multa
1053 3888 1317 3971 neglecti
1347 3887 1647 3952 dederunt

813 3973 1151 4057 Hesperiae
1181 3974 1340 4036 mala
1367 3974 1696 4038 luctuosae.

640 4059 687 4125 J
688 4080 786 4124 am
811 4059 904 4123 bis
932 4058 1253 4123 Monaeses
1283 4065 1347 4122 et
1375 4059 1591 4125 Pacori
1617 4078 1831 4124 manus
2398 4093 2401 4097 v

636 4145 781 4210 Non
809 4145 1147 4229 auspicatos
1177 4144 1450 4208 contudit
1460 4145 1732 4228 ‚impetus
2318 4162 2383 4215 10

727 4229 984 4302 Nostros
1036 4238 1100 4294 et
1128 4230 1419 4315 adjecisse
1449 4229 1738 4314 praedam

810 4315 1145 4400 'l'orquibus
1175 4316 1406 4399 exiguis
1435 4315 1693 4379 renidet.

643 4400 848 4465 Paene
878 4408 1229 4485 occupatam
1258 4401 1644 4465 seditionibus

639 4486 885 4552 Delevit
912 4486 1143 4550 Urbem
1172 4487 1378 4549 Dacus
1409 4494 1473 4550 et
1500 4485 1821 4572 Aethiops,

730 4571 854 4635 Hic
886 4571 1074 4634 classe
1104 4571 1477 4651 formidatus,
1505 4573 1607 4635 ille
2318 4586 2382 4640 15

816 4655 1144 4719 Missilibus
1171 4657 1380 4719 melior
1407 4657 1665 4739 sagittis.

640 4743 934 4808 Fecunda
962 4742 1173 4824 eulpae
1203 4742 1407 4804 secula
1434 4742 1676 4827 nuptias

644 4827 916 4894 Primum
944 4827 1331 4911 inquinavere
1363 4833 1426 4889 et
1454 4848 1647 4911 genus
1676 4831 1740 4892 et
1767 4824 1973 4891 domos
2004 4846 2026 4906 ;

729 4913 870 4978 Hoc
899 4914 1063 4977 fonte
1094 4911 1364 4976 derivata
1392 4913 1597 4978 clades
1731 4909 1736 4915 ’
2111 4966 2122 4974 .

820 4998 899 5062 In
925 4999 1182 5084 patriam
1209 4998 1612 5083 populumque
1637 4997 1829 5062 fluxit.
2317 5014 2384 5067 m
