2900 6042
1164 1456 1293 1505 12113.
1339 1457 1384 1505 1.
1430 1455 1568 1507 ΕΔΤ.
1614 1456 1719 1505 111.

1103 1777 1520 1843 SATIRA
1593 1777 1754 1843 111.

390 1949 698 2015 OMNIBUS
727 1950 841 2013 hoc
872 1950 1082 2013 vitium
1115 1957 1208 2013 est
1238 1951 1607 2030 cantoribus,
1638 1949 1798 2014 inter
1828 1949 2052 2016 amicos

387 2035 481 2101 Ut
508 2056 815 2120 nunquam
845 2036 1137 2099 inducant
1165 2037 1429 2099 animum
1462 2041 1709 2099 cantare
1740 2038 1961 2120 rogati,

387 2122 612 2207 Injussi
640 2143 948 2205 nunquam
979 2122 1288 2185 desistant.
1385 2120 1617 2185 Sardus
1647 2122 1910 2186 habebat

387 2207 503 2272 Ille
534 2207 824 2290 Tigellius
855 2207 1004 2270 hoc:
1056 2206 1306 2285 Caesar,
1336 2208 1441 2291 qui
1473 2228 1691 2291 cogere
1723 2214 1948 2292 posset,

391 2293 459 2358 Si
489 2301 727 2377 peteret
758 2312 866 2377 per
896 2293 1218 2356 amicitiam
1249 2294 1440 2376 patris
1471 2299 1654 2377 atque
1684 2313 1856 2356 suam
1884 2314 2006 2359 non

390 2378 735 2463 Quidquam
766 2379 1126 2463 proficeret3
1174 2379 1224 2442 si
1256 2379 1623 2442 collibuisset
1651 2378 1727 2443 ab
1759 2400 1870 2443 ovo

388 2464 608 2548 Usque
639 2464 718 2527 ad
748 2465 908 2528 mala
937 2465 1178 2544 citaret,
1211 2464 1281 2528 Io
1313 2463 1597 2529 Bacche!
1646 2464 1823 2529 modo
1853 2484 2088 2529 summa

284 2594 286 2598 ψ
388 2551 585 2630 Voce,
614 2549 791 2613 modo
820 2550 934 2613 hac
965 2557 1209 2613 resonat
1237 2570 1394 2633 quae
1425 2549 1665 2613 chordis
1695 2556 1981 2634 quattuor
2003 2550 2143 2616 ima.

388 2636 501 2701 Nil
530 2637 784 2720 aequale
814 2636 1038 2698 homini
1067 2636 1183 2699 fuit
1209 2636 1334 2713 illi;
1381 2651 1570 2719 saepe·
1595 2636 1763 2700 velut
1791 2636 1897 2720 qui

391 2722 694 2787 Currebat
719 2722 960 2806 fugiens
988 2722 1245 2798 hostem,
1275 2742 1569 2805 persaepe
1600 2721 1770 2801 velut
1797 2722 1903 2806 qui

389 2809 433 2874 J
435 2810 649 2874 unonis
677 2829 854 2873 sacra
882 2807 1104 2884 ferret3
1151 2808 1413 2871 habebat
1442 2829 1624 2892 saepe
1656 2808 1971 2888 ducentos,

394 2894 593 2979 Saepe
624 2896 832 2959 decem
868 2914 1105 2970 scrv0s3
1150 2894 1327 2958 modo
1356 2914 1534 2977 reges
1565 2901 1749 2979 atque
1780 2893 2143 2975 tetrarchas,

394 2979 617 3045 Omnia
644 3001 866 3062 magna
894 2981 1145 3063 loquens
1161 3001 1178 3057 ;
1226 2980 1421 3059 modo,
1454 2984 1495 3017 “
1523 2978 1619 3043 Sit
1646 2979 1792 3044 mihi
1821 3001 2029 3046 mensa
2050 2979 2239 3068 tripes
2268 2987 2334 3046 et

392 3065 641 3131 Concha
668 3068 808 3130 salis
838 3067 972 3150 puri
1002 3076 1066 3129 et
1093 3073 1238 3148 toga
1309 3087 1424 3129 uae
1456 3064 1785 3132 defendere
1813 3065 2008 3150 frigus

392 3151 682 3227 Quamvis
713 3173 917 3217 crassa
945 3152 1194 3235 queat.”
1349 3152 1510 3215 ecies
1544 3159 1803 3217 centena
1833 3153 2104 3219 dedisses

391 3237 561 3303 Huic
592 3259 773 3322 parco
807 3239 1013 3322 paucis
1044 3245 1349 3317 content0,
1380 3239 1647 3337 quinque
1679 3238 1890 3303 diebus

390 3323 504 3391 Nil
532 3333 665 3388 erat
693 3325 755 3387 in
785 3324 1011 3387 loculis.
1101 3323 1335 3388 Noctes
1370 3325 1656 3407 vigilabat
1686 3323 1765 3388 ad
1794 3325 1990 3409 ipsum

394 3408 607 3492 Mane,
638 3410 795 3473 diem
827 3417 1016 3473 totum
1048 3411 1381 3486 stertebat;
1428 3410 1513 3473 nil
1542 3410 1659 3474 fuit
1686 3432 1954 3494 unquam

398 3494 501 3562 Sic
530 3497 724 3581 impar
753 3497 990 3558 sibi.—-
1009 3495 1190 3558 Nunc
1223 3496 1439 3579 aliquis
1471 3496 1634 3559 dicat
1662 3496 1840 3559 mihi:
1890 3501 1931 3534 “
1950 3494 2113 3571 Quid
2141 3493 2253 3560 tu?

395 3581 663 3646 Nullane
692 3582 878 3645 habes
911 3581 1102 3644 vitia?
1127 3581 1168 3610 ’'
1260 3581 1455 3644 Immo
1485 3583 1607 3645 alia
1635 3588 1698 3644 et
1724 3582 1980 3645 fortasse
2010 3582 2259 3647 minora.

393 3667 678 3732 Maenius
709 3668 1019 3731 absentem
1050 3666 1313 3730 Novium
1344 3687 1483 3730 cum
1515 3676 1821 3750 carperet,
1851 3673 1891 3704 ‘⁴
1917 3666 2094 3732 Heus
2121 3667 2260 3750 tu,”

396 3752 660 3828 Quidam
690 3754 796 3829 ait,
828 3753 1135 3835 “ignoras
1168 3759 1252 3827 te,
1289 3772 1366 3815 an
1398 3762 1468 3815 ut
1496 3753 1767 3836 ignotum
1798 3751 1946 3817 dare
1977 3753 2146 3818 nobis

397 3840 612 3924 Verba
639 3837 866 3923 putas?
888 3839 929 3867 ”
1021 3843 1062 3875 “
1083 3838 1345 3920 Egomet
1374 3838 1456 3900 mi
1487 3838 1798 3921 ignosco,'’
1829 3838 2113 3904 Maenius
2142 3839 2355 3927 inquit.

399 3924 638 3991 Stultus
669 3932 732 3988 et
760 3922 1063 4007 improbus
1092 3924 1190 3987 hic
1221 3943 1389 3986 amor
1418 3933 1514 3987 est
1543 3923 1881 4010 dignusque
1911 3926 2128 3991 notari.

398 4010 556 4076 Cum
585 4019 693 4075 tua
722 4009 1041 4095 pervideas
1071 4009 1260 4073 oculis
1291 4010 1450 4074 mala
1480 4011 1678 4095 lippus
1706 4012 1997 4095 inunctis,

400 4096 530 4162 Cur
557 4097 621 4160 in
652 4097 978 4166 amicorum
1009 4095 1169 4159 vitiis
1202 4106 1323 4159 tam
1354 4097 1554 4161 cernis
1583 4106 1830 4162 acutum

2353 1435 2483 1504 131

2426 2740 2489 2790 10

2430 3172 2491 3222 15

2428 3604 2493 3654 20

2428 4031 2493 4082 25

398 4183 594 4259 Quam
625 4192 733 4246 aut
760 4182 963 4265 aquila
993 4189 1100 4245 aut
1128 4203 1378 4267 serpens
1411 4184 1827 4268 Epidaurius?
1915 4183 2009 4249 At
2038 4182 2149 4250 tibi
2178 4190 2384 4251 contra

399 4269 644 4349 Evenit,
673 4268 983 4351 inquirant
1013 4268 1159 4332 vitia
1189 4278 1259 4330 ut
1290 4276 1395 4332 tua
1423 4290 1633 4333 rursus
1664 4277 1727 4333 et
1754 4271 1861 4334 illi.

396 4354 756 4419 Iracundior
787 4361 879 4417 est
909 4355 1110 4437 paule,
1142 4355 1338 4418 minus
1369 4362 1549 4438 aptus
1579 4356 1774 4419 acutis

398 4439 668 4504 Naribus
698 4440 912 4503 horum
942 4440 1278 4515 hominum;
1325 4441 1510 4503 rideri
1542 4441 1728 4523 possit
1759 4462 1831 4504 eo
1860 4438 2024 4526 quod

396 4525 708 4591 Rusticius
740 4531 909 4589 tonso
941 4532 1082 4608 toga
1113 4524 1323 4588 defluit
1353 4534 1416 4589 et
1444 4527 1599 4590 male
1630 4528 1802 4591 laxus

397 4610 478 4677 In
506 4611 662 4696 pede
693 4612 935 4675 calceus
964 4611 1215 4674 haeret:
1262 4619 1327 4674 at
1356 4618 1450 4674 est
1478 4612 1669 4676 bonus
1699 4621 1770 4675 ut
1798 4610 2009 4676 melior
2037 4611 2131 4677 vir

398 4695 546 4763 Non
575 4697 728 4761 alius
757 4697 1097 4781 quisquam,
1131 4703 1195 4759 at
1226 4696 1332 4759 tibi
1363 4697 1616 4777 amicus,
1646 4705 1712 4761 at
1737 4697 2046 4782 ingenium
2074 4699 2291 4785 ingens

397 4783 642 4848 Inculto
669 4783 823 4846 latet
849 4784 962 4846 hoc
993 4782 1105 4846 sub
1137 4803 1405 4866 corpore.
1496 4782 1782 4868 Denique
1813 4793 1875 4848 te
1906 4785 2105 4870 ipsum

401 4867 674 4935 Concute
704 4890 848 4932 num
876 4888 1000 4954 qua
1027 4868 1136 4932 tibi
1166 4868 1445 4932 vitiorum
1474 4870 1759 4934 inseverit
1787 4870 1929 4935 olim

399 4953 662 5034 Natura,
692 4960 798 5020 aut
826 4955 1010 5021 etiam
1039 4954 1412 5021 consuetudo
1440 4956 1638 5035 mala-3
1682 4977 1943 5044 namque
