2900 6042
1105 1460 1233 1509 un.
1279 1460 1324 1508 1.
1367 1460 1567 1509 imsr.
1610 1461 1780 1510 xvn.
2360 1448 2487 1514 203

398 1613 539 1683 Nec
570 1616 718 1680 vixit
745 1615 899 1680 male
926 1614 1031 1701 qui
1060 1622 1238 1680 natus
1267 1615 1646 1702 moriensque
1675 1615 1907 1682 fefellit.
2428 1640 2488 1690 ιο

404 1701 472 1768 Si
501 1703 784 1788 prodesse
817 1703 935 1766 tuis
965 1704 1261 1788 pauloque
1292 1703 1609 1786 benignius
1636 1703 1831 1787 ipsum

401 1787 490 1852 Te
521 1796 785 1855 tractare
817 1790 1000 1867 voles,
1031 1789 1286 1853 accedes
1315 1790 1512 1853 siccus
1541 1789 1619 1853 ad
1650 1798 1921 1854 unctum.

400 1878 445 1912 “
471 1873 538 1938 Si
568 1876 894 1959 pranderet
921 1876 1050 1939 olus
1085 1876 1385 1959 patienter
1413 1875 1656 1958 regibus
1686 1876 1777 1939 uti

401 1958 612 2025 Nollet
641 1961 1056 2045 Aristippus.''
1133 1966 1174 1998 “
1202 1959 1266 2024 Si
1295 1962 1481 2025 sciret
1509 1961 1750 2045 regibus
1781 1961 1870 2025 uti

399 2043 731 2111 Fastidiret
759 2048 887 2111 olus
917 2048 1020 2130 qui
1050 2068 1145 2110 me
1176 2047 1414 2110 notat.''
1505 2045 1722 2112 Utrius
1750 2048 1963 2112 horum
2426 2069 2487 2120 15

400 2132 613 2197 Verba
643 2133 855 2216 probes
886 2140 950 2195 et
978 2134 1141 2196 facta
1170 2132 1341 2211 doce,
1372 2132 1469 2196 vel
1490 2133 1695 2217 junior
1724 2133 1867 2197 audi

403 2216 532 2282 Gur
557 2219 636 2282 sit
664 2220 958 2303 Aristippi
990 2220 1185 2303 potior
1212 2221 1512 2282 sententia
1538 2238 1556 2295 ;
1600 2240 1861 2303 namque

400 2302 752 2369 Mol-dacem
787 2304 1081 2389 Cynicum
1111 2306 1196 2368 sic
1228 2304 1541 2382 eludebat,
1570 2311 1642 2368 ut
1668 2306 1878 2368 aiunt:

401 2394 443 2428 ‘⁴
472 2389 727 2454 Scurror
756 2412 870 2474 ego
899 2392 1027 2473 ipse
1058 2391 1223 2469 mihi,
1255 2390 1473 2474 populo
1504 2398 1572 2452 tu
1596 2409 1614 2466 ;
1660 2391 1887 2454 rectius
1919 2390 2031 2456 hoc
2066 2397 2130 2457 et

402 2473 795 2560 Splendidius
824 2477 1010 2539 multo
1040 2483 1153 2539 est.
1245 2475 1459 2558 Equus
1489 2483 1557 2538 ut
1584 2497 1681 2539 me
1713 2482 1935 2559 portet,
1965 2477 2090 2541 alat
2118 2498 2252 2559 rex,
2423 2497 2489 2547 20

403 2560 680 2626 Officium
709 2562 906 2625 facio:
957 2569 1023 2624 tu
1054 2560 1248 2645 poscis
1279 2561 1419 2623 vilia
1447 2581 1672 2639 rerum,

304 2688 311 2693 -
399 2645 606 2712 Dante
635 2647 829 2710 minor
859 2647 1131 2730 quamvis
1161 2646 1284 2709 fers
1316 2653 1378 2708 te
1406 2647 1628 2710 nullius
1659 2645 2010 2729 egentem.”

403 2731 616 2795 Omnis
646 2731 1024 2817 Aristippum
1055 2732 1260 2796 decuit
1289 2733 1451 2795 color
1481 2743 1544 2795 et
1572 2739 1767 2796 status
1797 2737 1863 2795 et
1888 2752 2011 2813 res,

401 2817 765 2881 Tentantem
793 2819 1041 2902 majora,
1070 2818 1198 2882 fere
1229 2819 1645 2903 praesentibus
1675 2838 1953 2901 aequum.

403 2901 634 2967 Contra
661 2925 840 2988 quem
873 2905 1094 2988 duplici
1127 2925 1323 2988 panno
1354 2904 1648 2988 patientia
1676 2905 1840 2969 velat
2424 2926 2491 2977 25

399 2987 673 3054 Mirabor
702 2990 861 3053 vit-ae
895 2990 991 3053 via
1020 2992 1070 3054 si
1103 3011 1395 3070 conversa
1425 2990 1683 3053 decebit.

398 3074 582 3139 Alter
611 3096 979 3160 purpureum
1008 3098 1127 3139 non
1158 3077 1533 3160 exspectabit
1562 3077 1872 3156 amictum,

401 3159 708 3235 Quidlibet
735 3162 979 3226 indutus
1009 3163 1399 3226 celeberrima
1426 3184 1536 3247 per
1564 3163 1697 3228 loca
1727 3163 1928 3247 vadet,

400 3245 848 3332 Personamque
880 3249 1037 3313 feret
1066 3271 1184 3312 non
1215 3250 1608 3314 inconcinnus
1638 3259 1997 3336 utramque;

398 3332 582 3398 Alter
609 3333 805 3398 Mileti
839 3343 1063 3398 textam
1094 3356 1244 3399 cane
1275 3337 1446 3420 pejus
1478 3344 1542 3400 et
1571 3337 1755 3420 angui
2426 3358 2491 3409 m

398 3416 637 3483 Vitabit
665 3421 1068 3506 chlamydem,
1098 3422 1384 3484 morietur
1412 3422 1636 3504 frigore
1666 3422 1717 3485 si
1747 3443 1867 3486 nou

397 3503 732 3570 Rettuleris
762 3528 1046 3590 pannum.
1136 3507 1327 3570 Refer
1356 3514 1420 3570 et
1448 3508 1576 3570 sine
1609 3507 1771 3571 vivat
1798 3508 2053 3593 ineptus.

397 3589 527 3655 Res
556 3613 769 3675 gerere
800 3599 864 3656 et
891 3600 1099 3675 captos
1129 3592 1446 3655 ostendere
1479 3592 1709 3656 civibus
1737 3593 1940 3658 hostes

395 3675 667 3761 Attingit
697 3679 905 3741 solium
934 3677 978 3741 J
980 3679 1107 3740 ovis
1138 3687 1201 3740 et
1231 3677 1516 3740 caelestia
1545 3684 1779 3741 tentat:

396 3759 777 3848 Principibus
809 3763 1106 3846 placuisse
1137 3763 1278 3825 viris
1308 3782 1426 3824 non
1461 3762 1672 3825 ultima
1698 3763 1829 3828 laus
1860 3771 1973 3829 est.
2420 3785 2485 3834 35

396 3847 540 3913 Non
571 3849 760 3912 cuivis
791 3848 1011 3910 homini
1043 3847 1336 3930 contingit
1365 3847 1532 3910 adire
1566 3845 1936 3914 Corinthum.

399 3931 576 3998 Sedit
605 3933 708 4018 qui
739 3933 938 3996 timuit
966 3953 1041 3996 ne
1074 3954 1189 3996 non
1221 3932 1595 3996 succederet.
1684 3933 1834 3999 Esto
1860 3935 1875 4001 ἱ

396 4018 560 4094 Quid
589 4019 692 4104 qui
723 4018 1019 4103 pervenit,
1049 4019 1271 4083 fecitne
1305 4017 1602 4083 viriliter?
1677 4019 1736 4083 A
1810 4021 1873 4084 ui

393 4103 518 4170 Hie
551 4113 646 4169 est
675 4115 782 4169 aut
810 4126 1106 4189 nusquam
1135 4105 1295 4189 quod
1326 4106 1689 4189 quaerimus.
1848 4108 1904 4172 ‘o
1934 4128 2085 4173 onus
2112 4107 2341 4189 horret,

391 4189 486 4256 Ut
513 4190 713 4276 parvis
743 4191 955 4255 animis
985 4199 1049 4255 et
1078 4213 1262 4276 parvo
1291 4213 1539 4276 corpore
1568 4194 1790 4277 majus:
2413 4213 2479 4262 4ο

391 4274 517 4341 Hie
546 4277 709 4342 subit
736 4284 803 4341 et
829 4279 1083 4362 perfert.
1172 4279 1307 4342 Aut
1336 4278 1525 4342 virtus
1553 4300 1768 4343 nomen
1797 4279 1975 4344 inane
2006 4287 2123 4361 est,

391 4363 528 4428 Aut
555 4362 741 4428 decus
772 4373 836 4427 et
865 4364 1123 4448 pretium
1151 4372 1317 4428 recte
1349 4363 1503 4448 petit
1531 4366 1846 4449 experiens
1875 4367 1985 4430 vir.

393 4445 613 4512 Goram
640 4471 786 4532 rege
817 4469 927 4513 suo
957 4450 1035 4514 de
1066 4471 1184 4534 pau
1265 4459 1421 4513 rtate
1456 4457 1729 4515 tacentes

390 4531 541 4599 Plus
569 4543 854 4619 poscente
884 4535 1081 4598 ferent
1107 4556 1124 4612 ;
1170 4471 1355 4599 distat
1385 4555 1663 4600 sumasne
1693 4536 1996 4620 pudenter

388 4618 497 4686 An
525 4621 742 4704 rapias.
833 4621 1028 4704 Atqui
1058 4641 1258 4684 rerum
1289 4629 1479 4704 caput
1505 4621 1619 4685 hoe
1650 4629 1803 4703 erat,
1833 4623 1932 4686 hic
1962 4623 2111 4687 fons.
2410 4642 2476 4694 45

390 4708 434 4744 ‘⁴
462 4703 750 4771 Indotata
776 4706 920 4770 mihi
949 4728 1115 4770 soror
1145 4714 1259 4785 est,
1287 4708 1657 4791 paupercula
1684 4716 1901 4788 mater,

391 4789 478 4856 Et
504 4791 730 4857 fundus
758 4813 871 4857 nee
902 4792 1214 4856 vendibilis
1243 4814 1355 4856 nec
1388 4814 1636 4876 pascere
1667 4794 1940 4874 firmus‚’'

391 4874 513 4951 Qui
540 4870 710 4958 dicit,
740 4879 984 4958 clamat,
1026 4884 1067 4916 “
1091 4878 1340 4943 Victum
1370 4878 1583 4943 date.”
1676 4878 1951 4946 Succinit
1977 4880 2172 4947 alter:

390 4966 436 5006 “
456 4963 542 5030 Et
568 4963 710 5030 mihi
738 4964 983 5031 dividuo
1007 4965 1274 5032 findetur
1301 4985 1549 5031 munere
1578 4966 1872 5051 quadra.”
