2900 6042
378 1266 464 1336 '10
1240 1281 1593 1329 mmmmm

805 1437 1057 1503 Annosa
1085 1436 1312 1500 cornix.
1403 1435 1569 1499 Dum
1596 1435 1753 1521 potis
1804 1438 2041 1504 aridum

810 1523 1113 1608 compone
1141 1523 1407 1605 lignum:
1458 1543 1593 1586 cras
1624 1521 1886 1588 Genium
1913 1546 2079 1591 mero

888 1610 1142 1676 Cui-abis
1172 1616 1235 1671 et
1267 1629 1447 1692 porco
1476 1608 1745 1672 bimestri
2406 1633 2475 1685 ιε

977 1696 1131 1761 Cum
1159 1694 1396 1758 famulis
1425 1714 1673 1778 operum
1701 1694 1930 1762 solutis.

978 2125 1435 2193 GARMEN
1494 2128 1835 2196 XVIII.

796 2471 1048 2554 FAtms,
1079 2471 1504 2558 Nympharum
1533 2473 1872 2558 fugientum
1900 2479 2153 2558 amator,

797 2558 923 2623 Per
949 2580 1112 2623 meos
1142 2560 1294 2623 fines
1325 2566 1390 2622 et
1418 2559 1624 2644 aprica
1651 2581 1797 2625 rura

792 2643 976 2709 Lenis
1004 2644 1250 2708 incedas
1302 2644 1603 2729 abeasque
1632 2646 1834 2729 parvis

1142 2729 1397 2814 Aequus
1428 2731 1703 2810 alumnis,

803 2811 873 2877 Si
900 2820 1074 2877 tener
1096 2815 1272 2899 pleno
1301 2816 1466 2879 cadit
1494 2816 1723 2880 haedus
1746 2836 1926 2896 anne,
2414 2835 2450 2890 ς

794 2898 1001 2982 Larga
1028 2920 1140 2962 nec
1172 2900 1390 2964 desunt
1417 2902 1679 2966 Veneris
1707 2901 1897 2967 sodali

795 2983 963 3050 Vina
991 2992 1286 3050 craterae.
1320 2987 1520 3052 Vetus
1550 3010 1657 3055 ara
1686 2989 1877 3056 multo

1135 3069 1358 3135 Fumat
1384 3073 1586 3155 odore,

792 3152 980 3219 Ludit
1005 3154 1257 3221 herboso
1286 3179 1472 3242 pecus
1502 3179 1674 3223 omne
1705 3178 1940 3244 campo,

793 3239 951 3305 Cum
995 3242 1104 3306 tibi
1147 3243 1367 3308 Nonae
1408 3245 1666 3309 redeunt
1694 3243 2107 3326 Decembresg
2382 3266 2447 3319 10

791 3324 1012 3392 Festus
1039 3328 1103 3392 in
1130 3330 1319 3412 pratis
1349 3338 1528 3395 vacat
1555 3331 1741 3394 otioso

1139 3414 1293 3479 Cum
1323 3416 1474 3480 bove
1505 3437 1736 3501 pagus3

789 3497 964 3564 Inter
991 3499 1252 3566 audaces
1281 3502 1459 3586 lupus
1488 3509 1653 3566 errat
1680 3521 1906 3584 agnos;

795 3583 1046 3670 Spargit
1074 3595 1344 3671 agrestes
1375 3589 1483 3651 tibi
1511 3589 1660 3652 silva
1690 3588 1938 3653 frondes
1962 3606 1983 3667 ς

793 3669 1040 3760 Gaudet
1065 3673 1316 3738 invisam
1343 3674 1642 3759 pepulisse
1674 3673 1867 3738 fossor
2379 3693 2447 3744 15

1133 3759 1255 3823 Ter
1282 3760 1437 3845 pede
1469 3765 1713 3825 terram.

1014 4179 1493 4248 GARMEN
1549 4182 1784 4251 XIX.

783 4527 1109 4604 QUANTUM
1138 4527 1321 4594 distet
1351 4529 1425 4593 ab
1456 4528 1685 4594 Inacho

701 4611 935 4679 Codrus
988 4637 1096 4700 pro
1125 4617 1322 4699 patria
1349 4638 1469 4679 non
1499 4617 1742 4681 timidus
1770 4614 1921 4681 mori

783 4699 1037 4782 Narras,
1069 4708 1134 4765 et
1161 4723 1350 4784 genus
1380 4702 1578 4764 Aeaci

700 4780 785 4846 Et
812 4795 1080 4872 pugnata
1109 4807 1278 4850 sacro
1307 4786 1467 4849 bella
1494 4786 1605 4850 sub
1635 4786 1788 4851 Ilio:
