2900 6042
931 1602 1062 1649 ms.
1109 1603 1158 1649 1.
1204 1601 1403 1649 cm.
1450 1585 1610 1649 xxv,

659 1711 757 1820 Tu
785 1755 1009 1820 &usn-a
1036 1756 1170 1839 pius
1209 1753 1334 1818 heu
1377 1776 1501 1819 non
1546 1753 1635 1820 ita
1681 1755 1975 1822 creditum

746 1841 954 1906 Poscis
987 1839 1378 1914 Quinctilium
1407 1841 1569 1905 deos.

664 1923 839 2001 Quod
862 1927 913 1990 si
942 1926 1219 2005 Threicio
1248 1927 1524 1989 blandius
1557 1924 1801 2010 Orpheo
1875 1991 1883 2000 ,

661 2012 955 2075 Audissam
984 2012 1294 2074 moderere
1325 2012 1634 2076 arboribus
1661 2012 1868 2113 fidem,
1987 2061 1991 2065 .

662 2097 806 2161 Non
836 2119 1026 2160 vanae
1057 2097 1269 2160 redeat
1297 2098 1542 2179 sanguis
1572 2098 1838 2182 imagim‚

750 2181 944 2256 Quam
977 2184 1147 2266 virga
1178 2184 1363 2245 semel
1393 2183 1636 2246 horrida

660 2266 802 2330 Non
832 2268 982 2331 lenis
1012 2268 1291 2352 precibus
1320 2269 1450 2331 fata
1479 2267 1792 2333 recludere

658 2353 856 2435 Nigro
886 2354 1243 2437 compulerit,
1271 2353 1614 2417 Mercurius
1644 2353 1833 2439 gregi.

659 2437 938 2502 Durum:
1017 2435 1127 2501 sed
1167 2438 1364 2501 levius
1404 2440 1476 2502 fit
1505 2440 1800 2523 patientia

730 2522 1038 2607 Quidquid
1069 2524 1370 2607 corrigere
1403 2531 1498 2587 est
1525 2525 1718 2589 nefas.

873 2947 1332 3014 GARMEN
1389 2948 1649 3016 XXV.

659 3290 945 3357 PARcms
964 3293 1211 3376 junctas
1240 3292 1520 3376 quatiunt
1546 3291 1845 3358 fenestras

658 3375 890 3441 Ictibus
920 3378 1146 3441 crebris
1166 3378 1425 3462 juvenes
1455 3377 1744 3461 protervi,

661 3461 727 3527 N
729 3483 798 3527 ec
829 3465 935 3527 ssibi
964 3485 1198 3527 somnos
1229 3464 1522 3544 adimunt,
1589 3469 1871 3548 amatque

998 3547 1043 3611 J
1046 3569 1206 3611 anua
1232 3549 1437 3626 limen,

520 3609 533 3619 ’
660 3630 832 3707 Quae
863 3632 1030 3717 prius
1059 3635 1314 3696 multum
1343 3633 1538 3698 facilis
1564 3632 1845 3697 movebat

615 3754 623 3761 ·
657 3716 988 3796 Cardines·;
1034 3720 1207 3782 audis
1237 3720 1434 3782 minus
1465 3729 1529 3783 et
1558 3721 1754 3783 minus
1773 3721 1947 3805 jamc

651 3807 694 3844 “
713 3802 822 3869 Me
855 3811 958 3869 tuo
985 3806 1199 3888 longas
1229 3812 1525 3888 pereunte
1556 3813 1791 3887 noctes,

1083 3890 1304 3975 Lydia,
1335 3889 1605 3955 dormis?
1627 3890 1671 3922 ”

649 3973 926 4039 Invicem
952 3978 1231 4039 moechos
1260 3997 1412 4039 anus
1442 3982 1799 4060 arrogantes

652 4064 855 4128 Flebis
883 4064 946 4127 in
975 4066 1098 4128 solo
1127 4065 1276 4128 levis
1307 4065 1649 4148 angiportu,

656 4150 912 4215 Thracio
941 4151 1275 4215 bacchante
1304 4151 1498 4235 magis
1526 4151 1639 4214 sub
1665 4149 1847 4214 inter·
1889 4228 1898 4237 ·

991 4236 1158 4301 lunia
1186 4243 1388 4321 vente,

651 4318 807 4384 Cum
860 4321 971 4388 tibi
1021 4324 1285 4406 flagrans
1315 4344 1483 4387 amor
1533 4327 1599 4386 et
1624 4321 1809 4386 libido

655 4405 825 4482 Quae
855 4410 1008 4472 solet
1034 4418 1257 4473 matres
1285 4408 1516 4472 furiare
1547 4428 1840 4492 equorum

656 4491 903 4558 Saeviet
931 4495 1094 4558 circa.
1111 4496 1291 4580 jecur
1320 4496 1682 4577 ulcerosum,

998 4580 1141 4644 Non
1171 4581 1297 4644 sine
1330 4586 1551 4663 questu

651 4661 846 4727 Laeta
885 4665 1046 4748 quod
1075 4666 1264 4748 pubes
1292 4666 1521 4728 hedera
1560 4663 1793 4727 virente

655 4747 939 4814 Gaudeat
965 4751 1131 4834 pulla.
1157 4750 1350 4832 magis
1381 4757 1564 4832 atque
1595 4754 1818 4833 myrta,

649 4833 877 4900 Aridus
905 4834 1149 4899 frondes
1202 4835 1414 4898 hiemis
1443 4833 1633 4897 sodali

998 4921 1261 4985 Dedicet
1293 4919 1526 4983 Hebro.

2253 2119 2318 2169 15

2246 4085 2311 4138 10

2246 4513 2311 4563 15
