<?xml version="1.0" encoding="UTF-8"?>
<!DOCTYPE html PUBLIC "-//W3C//DTD XHTML 1.0 Transitional//EN"
    "http://www.w3.org/TR/xhtml1/DTD/xhtml1-transitional.dtd">
<html xmlns="http://www.w3.org/1999/xhtml" xml:lang="en" lang="en">
 <head>
  <title>
</title>
<meta http-equiv="Content-Type" content="text/html;charset=utf-8" />
  <meta name='ocr-system' content='tesseract 3.04.00' />
  <meta name='ocr-capabilities' content='ocr_page ocr_carea ocr_par ocr_line ocrx_word'/>
</head>
<body>
  <div class='ocr_page' id='page_1' title='image "./workshoracewith00beckgoog_0239.png"; bbox 0 0 2900 6042; ppageno 0'>
   <div class='ocr_carea' id='block_1_1' title="bbox 292 598 2736 1028">
    <p class='ocr_par' dir='ltr' id='par_1_1' title="bbox 292 598 2736 1028">
     <span class='ocr_line' id='line_1_1' title="bbox 292 598 2736 1028; baseline 0 5014"><span class='ocrx_word' id='word_1_1' title='bbox 292 598 2736 1028; x_wconf 95' lang='lat' dir='ltr'> </span> 
     </span>
    </p>
   </div>
   <div class='ocr_carea' id='block_1_2' title="bbox 398 1355 2078 1421">
    <p class='ocr_par' dir='ltr' id='par_1_2' title="bbox 398 1355 2078 1421">
     <span class='ocr_line' id='line_1_2' title="bbox 398 1355 2078 1421; baseline 0.001 -1"><span class='ocrx_word' id='word_1_2' title='bbox 398 1398 403 1403; x_wconf 87' lang='lat'><em>-</em></span> <span class='ocrx_word' id='word_1_3' title='bbox 476 1355 603 1420; x_wconf 77' lang='lat'>222</span> <span class='ocrx_word' id='word_1_4' title='bbox 959 1373 1407 1420; x_wconf 67' lang='lat' dir='ltr'>msa-omnum</span> <span class='ocrx_word' id='word_1_5' title='bbox 1448 1373 1579 1420; x_wconf 78' lang='lat' dir='ltr'>m.</span> <span class='ocrx_word' id='word_1_6' title='bbox 1626 1372 1705 1418; x_wconf 90' lang='lat'>11.</span> <span class='ocrx_word' id='word_1_7' title='bbox 1750 1371 1952 1421; x_wconf 73' lang='lat' dir='ltr'>mer.</span> <span class='ocrx_word' id='word_1_8' title='bbox 1998 1370 2078 1421; x_wconf 85' lang='lat' dir='ltr'>n.</span> 
     </span>
    </p>
   </div>
   <div class='ocr_carea' id='block_1_3' title="bbox 448 1522 2308 4081">
    <p class='ocr_par' dir='ltr' id='par_1_3' title="bbox 467 1522 2308 2375">
     <span class='ocr_line' id='line_1_3' title="bbox 479 1522 2094 1609; baseline 0.001 -21"><span class='ocrx_word' id='word_1_9' title='bbox 479 1523 611 1588; x_wconf 90' lang='lat' dir='ltr'>Scit</span> <span class='ocrx_word' id='word_1_10' title='bbox 639 1522 892 1598; x_wconf 78' lang='lat' dir='ltr'>Genius,</span> <span class='ocrx_word' id='word_1_11' title='bbox 920 1526 1121 1589; x_wconf 78' lang='lat' dir='ltr'>natale</span> <span class='ocrx_word' id='word_1_12' title='bbox 1151 1546 1349 1589; x_wconf 88' lang='lat' dir='ltr'>comes</span> <span class='ocrx_word' id='word_1_13' title='bbox 1379 1525 1483 1608; x_wconf 91' lang='lat' dir='ltr'>qui</span> <span class='ocrx_word' id='word_1_14' title='bbox 1514 1530 1813 1609; x_wconf 80' lang='lat' dir='ltr'>temperat</span> <span class='ocrx_word' id='word_1_15' title='bbox 1840 1529 2094 1606; x_wconf 78' lang='lat' dir='ltr'>astum,</span> 
     </span>
     <span class='ocr_line' id='line_1_4' title="bbox 474 1608 1874 1688; baseline 0 -15"><span class='ocrx_word' id='word_1_16' title='bbox 474 1608 749 1674; x_wconf 81' lang='lat' dir='ltr'><strong>Naturae</strong></span> <span class='ocrx_word' id='word_1_17' title='bbox 780 1611 929 1673; x_wconf 89' lang='lat' dir='ltr'>deus</span> <span class='ocrx_word' id='word_1_18' title='bbox 958 1611 1274 1688; x_wconf 81' lang='lat' dir='ltr'>humanae,</span> <span class='ocrx_word' id='word_1_19' title='bbox 1306 1611 1568 1673; x_wconf 73' lang='lat' dir='ltr'>moi-talis</span> <span class='ocrx_word' id='word_1_20' title='bbox 1596 1610 1658 1672; x_wconf 86' lang='lat' dir='ltr'>in</span> <span class='ocrx_word' id='word_1_21' title='bbox 1687 1632 1874 1673; x_wconf 90' lang='lat' dir='ltr'>unum</span> 
     </span>
     <span class='ocr_line' id='line_1_5' title="bbox 475 1693 2033 1780; baseline 0.001 -23"><span class='ocrx_word' id='word_1_22' title='bbox 475 1693 768 1778; x_wconf 84' lang='lat' dir='ltr'>Quodque</span> <span class='ocrx_word' id='word_1_23' title='bbox 800 1704 1003 1780; x_wconf 85' lang='lat' dir='ltr'>caput,</span> <span class='ocrx_word' id='word_1_24' title='bbox 1034 1697 1203 1758; x_wconf 87' lang='lat' dir='ltr'>vultu</span> <span class='ocrx_word' id='word_1_25' title='bbox 1232 1696 1554 1773; x_wconf 82' lang='lat' dir='ltr'>mutabilis,</span> <span class='ocrx_word' id='word_1_26' title='bbox 1584 1695 1754 1758; x_wconf 89' lang='lat' dir='ltr'>albus</span> <span class='ocrx_word' id='word_1_27' title='bbox 1787 1702 1851 1758; x_wconf 89' lang='lat' dir='ltr'>et</span> <span class='ocrx_word' id='word_1_28' title='bbox 1878 1701 2033 1759; x_wconf 84' lang='lat' dir='ltr'>ater.</span> 
     </span>
     <span class='ocr_line' id='line_1_6' title="bbox 471 1779 2063 1864; baseline 0.001 -21"><span class='ocrx_word' id='word_1_29' title='bbox 471 1779 633 1844; x_wconf 87' lang='lat' dir='ltr'>Utar</span> <span class='ocrx_word' id='word_1_30' title='bbox 662 1788 725 1842; x_wconf 92' lang='lat' dir='ltr'>et</span> <span class='ocrx_word' id='word_1_31' title='bbox 753 1802 828 1843; x_wconf 80' lang='lat' dir='ltr'>ex</span> <span class='ocrx_word' id='word_1_32' title='bbox 856 1780 1087 1843; x_wconf 90' lang='lat' dir='ltr'>modico</span> <span class='ocrx_word' id='word_1_33' title='bbox 1139 1789 1427 1864; x_wconf 89' lang='lat' dir='ltr'>quantum</span> <span class='ocrx_word' id='word_1_34' title='bbox 1458 1802 1555 1843; x_wconf 89' lang='lat' dir='ltr'>res</span> <span class='ocrx_word' id='word_1_35' title='bbox 1585 1788 1815 1863; x_wconf 40' lang='lat' dir='ltr'>poscet·</span> <span class='ocrx_word' id='word_1_36' title='bbox 1844 1800 2063 1863; x_wconf 79' lang='lat' dir='ltr'>acervo</span> 
     </span>
     <span class='ocr_line' id='line_1_7' title="bbox 469 1864 2066 1948; baseline 0.001 -21"><span class='ocrx_word' id='word_1_37' title='bbox 469 1864 720 1942; x_wconf 82' lang='lat' dir='ltr'>Tollam,</span> <span class='ocrx_word' id='word_1_38' title='bbox 750 1886 861 1929; x_wconf 85' lang='lat' dir='ltr'>nec</span> <span class='ocrx_word' id='word_1_39' title='bbox 891 1874 1155 1928; x_wconf 81' lang='lat' dir='ltr'>metuam</span> <span class='ocrx_word' id='word_1_40' title='bbox 1207 1866 1352 1948; x_wconf 89' lang='lat' dir='ltr'>quid</span> <span class='ocrx_word' id='word_1_41' title='bbox 1383 1865 1459 1929; x_wconf 86' lang='lat' dir='ltr'>de</span> <span class='ocrx_word' id='word_1_42' title='bbox 1484 1887 1581 1928; x_wconf 90' lang='lat' dir='ltr'>me</span> <span class='ocrx_word' id='word_1_43' title='bbox 1600 1864 1840 1947; x_wconf 85' lang='lat' dir='ltr'>judicet</span> <span class='ocrx_word' id='word_1_44' title='bbox 1866 1865 2066 1945; x_wconf 75' lang='lat' dir='ltr'>hereS,</span> 
     </span>
     <span class='ocr_line' id='line_1_8' title="bbox 470 1949 2082 2034; baseline 0.002 -22"><span class='ocrx_word' id='word_1_45' title='bbox 470 1949 646 2023; x_wconf 85' lang='lat' dir='ltr'>Quod</span> <span class='ocrx_word' id='word_1_46' title='bbox 677 1971 794 2012; x_wconf 90' lang='lat' dir='ltr'>non</span> <span class='ocrx_word' id='word_1_47' title='bbox 825 1951 997 2034; x_wconf 88' lang='lat' dir='ltr'>plura</span> <span class='ocrx_word' id='word_1_48' title='bbox 1025 1950 1180 2014; x_wconf 87' lang='lat' dir='ltr'>datis</span> <span class='ocrx_word' id='word_1_49' title='bbox 1209 1950 1507 2013; x_wconf 86' lang='lat' dir='ltr'>invenerit</span> <span class='ocrx_word' id='word_1_50' title='bbox 1534 1970 1552 2026; x_wconf 81' lang='lat'>3</span> <span class='ocrx_word' id='word_1_51' title='bbox 1597 1956 1663 2012; x_wconf 85' lang='lat' dir='ltr'>et</span> <span class='ocrx_word' id='word_1_52' title='bbox 1690 1958 1891 2013; x_wconf 83' lang='lat' dir='ltr'>tamen</span> <span class='ocrx_word' id='word_1_53' title='bbox 1918 1950 2082 2015; x_wconf 89' lang='lat' dir='ltr'>idem</span> 
     </span>
     <span class='ocr_line' id='line_1_9' title="bbox 474 2033 2076 2120; baseline 0.002 -23"><span class='ocrx_word' id='word_1_54' title='bbox 474 2033 644 2097; x_wconf 85' lang='lat' dir='ltr'>Scire</span> <span class='ocrx_word' id='word_1_55' title='bbox 675 2035 867 2098; x_wconf 87' lang='lat' dir='ltr'>volam</span> <span class='ocrx_word' id='word_1_56' title='bbox 918 2043 1206 2119; x_wconf 85' lang='lat' dir='ltr'>quantum</span> <span class='ocrx_word' id='word_1_57' title='bbox 1236 2035 1487 2119; x_wconf 83' lang='lat' dir='ltr'>simplex</span> <span class='ocrx_word' id='word_1_58' title='bbox 1515 2035 1839 2118; x_wconf 82' lang='lat' dir='ltr'>hilarisque</span> <span class='ocrx_word' id='word_1_59' title='bbox 1869 2036 2076 2120; x_wconf 85' lang='lat' dir='ltr'>nepoti</span> 
     </span>
     <span class='ocr_line' id='line_1_10' title="bbox 470 2119 2026 2204; baseline 0.002 -22"><span class='ocrx_word' id='word_1_60' title='bbox 470 2119 793 2204; x_wconf 84' lang='lat' dir='ltr'>Discrepet</span> <span class='ocrx_word' id='word_1_61' title='bbox 819 2127 883 2183; x_wconf 91' lang='lat' dir='ltr'>et</span> <span class='ocrx_word' id='word_1_62' title='bbox 910 2129 1200 2204; x_wconf 84' lang='lat' dir='ltr'>quantum</span> <span class='ocrx_word' id='word_1_63' title='bbox 1229 2120 1533 2185; x_wconf 78' lang='lat' dir='ltr'><strong>discordet</strong></span> <span class='ocrx_word' id='word_1_64' title='bbox 1571 2140 1787 2203; x_wconf 80' lang='lat' dir='ltr'>parcus</span> <span class='ocrx_word' id='word_1_65' title='bbox 1821 2141 2026 2186; x_wconf 83' lang='lat' dir='ltr'>avaro.</span> 
     </span>
     <span class='ocr_line' id='line_1_11' title="bbox 468 2204 2308 2292; baseline 0.002 -23"><span class='ocrx_word' id='word_1_66' title='bbox 468 2204 675 2269; x_wconf 84' lang='lat' dir='ltr'>Distat</span> <span class='ocrx_word' id='word_1_67' title='bbox 701 2204 859 2269; x_wconf 89' lang='lat' dir='ltr'>enim</span> <span class='ocrx_word' id='word_1_68' title='bbox 911 2227 1160 2290; x_wconf 82' lang='lat' dir='ltr'>spargas</span> <span class='ocrx_word' id='word_1_69' title='bbox 1189 2213 1295 2269; x_wconf 84' lang='lat' dir='ltr'>tua</span> <span class='ocrx_word' id='word_1_70' title='bbox 1323 2205 1609 2289; x_wconf 89' lang='lat' dir='ltr'>prodigus</span> <span class='ocrx_word' id='word_1_71' title='bbox 1661 2226 1740 2268; x_wconf 86' lang='lat' dir='ltr'>an</span> <span class='ocrx_word' id='word_1_72' title='bbox 1767 2226 1968 2290; x_wconf 84' lang='lat' dir='ltr'>neque</span> <span class='ocrx_word' id='word_1_73' title='bbox 1998 2210 2308 2292; x_wconf 77' lang='lat' dir='ltr'>sumptum</span> 
     </span>
     <span class='ocr_line' id='line_1_12' title="bbox 467 2288 1878 2375; baseline 0.001 -23"><span class='ocrx_word' id='word_1_74' title='bbox 467 2288 704 2354; x_wconf 89' lang='lat' dir='ltr'>Invitus</span> <span class='ocrx_word' id='word_1_75' title='bbox 731 2291 919 2354; x_wconf 79' lang='lat' dir='ltr'>facias</span> <span class='ocrx_word' id='word_1_76' title='bbox 946 2312 1143 2374; x_wconf 89' lang='lat' dir='ltr'>neque</span> <span class='ocrx_word' id='word_1_77' title='bbox 1174 2291 1349 2375; x_wconf 85' lang='lat' dir='ltr'>plura</span> <span class='ocrx_word' id='word_1_78' title='bbox 1378 2310 1591 2374; x_wconf 79' lang='lat' dir='ltr'>parare</span> <span class='ocrx_word' id='word_1_79' title='bbox 1617 2289 1878 2369; x_wconf 83' lang='lat' dir='ltr'>labores,</span> 
     </span>
    </p>

    <p class='ocr_par' dir='ltr' id='par_1_4' title="bbox 469 2374 2256 2801">
     <span class='ocr_line' id='line_1_13' title="bbox 469 2374 1999 2462; baseline 0.002 -23"><span class='ocrx_word' id='word_1_80' title='bbox 469 2375 567 2439; x_wconf 88' lang='lat' dir='ltr'>Ac</span> <span class='ocrx_word' id='word_1_81' title='bbox 599 2377 816 2460; x_wconf 89' lang='lat' dir='ltr'>potius,</span> <span class='ocrx_word' id='word_1_82' title='bbox 845 2398 996 2461; x_wconf 88' lang='lat' dir='ltr'>puer</span> <span class='ocrx_word' id='word_1_83' title='bbox 1026 2384 1095 2439; x_wconf 90' lang='lat' dir='ltr'>ut</span> <span class='ocrx_word' id='word_1_84' title='bbox 1124 2377 1292 2440; x_wconf 88' lang='lat' dir='ltr'>festis</span> <span class='ocrx_word' id='word_1_85' title='bbox 1323 2374 1805 2462; x_wconf 82' lang='lat' dir='ltr'>Quinquatribus</span> <span class='ocrx_word' id='word_1_86' title='bbox 1832 2375 1999 2460; x_wconf 86' lang='lat' dir='ltr'>olim,</span> 
     </span>
     <span class='ocr_line' id='line_1_14' title="bbox 470 2461 1841 2546; baseline 0 -23"><span class='ocrx_word' id='word_1_87' title='bbox 470 2461 707 2544; x_wconf 86' lang='lat' dir='ltr'>Exiguo</span> <span class='ocrx_word' id='word_1_88' title='bbox 735 2469 1026 2546; x_wconf 75' lang='lat' dir='ltr'>gratoque</span> <span class='ocrx_word' id='word_1_89' title='bbox 1056 2462 1275 2526; x_wconf 84' lang='lat' dir='ltr'>fruaris</span> <span class='ocrx_word' id='word_1_90' title='bbox 1303 2469 1570 2546; x_wconf 88' lang='lat' dir='ltr'>tempore</span> <span class='ocrx_word' id='word_1_91' title='bbox 1601 2462 1841 2544; x_wconf 81' lang='lat' dir='ltr'>raptim.</span> 
     </span>
     <span class='ocr_line' id='line_1_15' title="bbox 470 2546 2256 2632; baseline 0.003 -23"><span class='ocrx_word' id='word_1_92' title='bbox 470 2546 798 2630; x_wconf 85' lang='lat' dir='ltr'>Pauperies</span> <span class='ocrx_word' id='word_1_93' title='bbox 827 2547 1134 2612; x_wconf 80' lang='lat' dir='ltr'>immunda</span> <span class='ocrx_word' id='word_1_94' title='bbox 1153 2548 1369 2612; x_wconf 74' lang='lat' dir='ltr'>domus</span> <span class='ocrx_word' id='word_1_95' title='bbox 1398 2547 1605 2632; x_wconf 87' lang='lat' dir='ltr'>procul</span> <span class='ocrx_word' id='word_1_96' title='bbox 1635 2546 1791 2611; x_wconf 80' lang='lat' dir='ltr'>absit</span> <span class='ocrx_word' id='word_1_97' title='bbox 1817 2568 1833 2609; x_wconf 73' lang='grc' dir='ltr'><strong><em>ε</em></strong></span> <span class='ocrx_word' id='word_1_98' title='bbox 1881 2566 2020 2629; x_wconf 87' lang='lat' dir='ltr'>ego,</span> <span class='ocrx_word' id='word_1_99' title='bbox 2047 2551 2256 2614; x_wconf 70' lang='lat' dir='ltr'>uia-um</span> 
     </span>
     <span class='ocr_line' id='line_1_16' title="bbox 469 2630 2111 2717; baseline -0.001 -21"><span class='ocrx_word' id='word_1_100' title='bbox 469 2630 647 2696; x_wconf 82' lang='lat' dir='ltr'>Nave</span> <span class='ocrx_word' id='word_1_101' title='bbox 676 2633 839 2696; x_wconf 80' lang='lat' dir='ltr'>ferar</span> <span class='ocrx_word' id='word_1_102' title='bbox 866 2654 1085 2717; x_wconf 82' lang='lat' dir='ltr'>magna</span> <span class='ocrx_word' id='word_1_103' title='bbox 1112 2653 1192 2696; x_wconf 82' lang='lat' dir='ltr'>an</span> <span class='ocrx_word' id='word_1_104' title='bbox 1221 2653 1428 2716; x_wconf 79' lang='lat' dir='ltr'>parva,</span> <span class='ocrx_word' id='word_1_105' title='bbox 1459 2632 1624 2697; x_wconf 79' lang='lat' dir='ltr'>ferar</span> <span class='ocrx_word' id='word_1_106' title='bbox 1647 2652 1805 2694; x_wconf 88' lang='lat' dir='ltr'>unus</span> <span class='ocrx_word' id='word_1_107' title='bbox 1830 2636 1895 2695; x_wconf 88' lang='lat' dir='ltr'>et</span> <span class='ocrx_word' id='word_1_108' title='bbox 1921 2631 2111 2697; x_wconf 85' lang='lat' dir='ltr'>idem..</span> 
     </span>
     <span class='ocr_line' id='line_1_17' title="bbox 469 2715 1961 2801; baseline -0.001 -21"><span class='ocrx_word' id='word_1_109' title='bbox 469 2717 612 2781; x_wconf 87' lang='lat' dir='ltr'>Non</span> <span class='ocrx_word' id='word_1_110' title='bbox 642 2719 876 2801; x_wconf 78' lang='lat' dir='ltr'>agimur</span> <span class='ocrx_word' id='word_1_111' title='bbox 904 2719 1147 2781; x_wconf 88' lang='lat' dir='ltr'>tumidis</span> <span class='ocrx_word' id='word_1_112' title='bbox 1177 2719 1322 2782; x_wconf 88' lang='lat' dir='ltr'>velis</span> <span class='ocrx_word' id='word_1_113' title='bbox 1351 2717 1625 2800; x_wconf 83' lang='lat' dir='ltr'>aquilone</span> <span class='ocrx_word' id='word_1_114' title='bbox 1654 2715 1918 2780; x_wconf 88' lang='lat' dir='ltr'>secundo</span> <span class='ocrx_word' id='word_1_115' title='bbox 1942 2735 1961 2792; x_wconf 89' lang='grc'><strong>;</strong></span> 
     </span>
    </p>

    <p class='ocr_par' dir='ltr' id='par_1_5' title="bbox 468 2801 2009 2972">
     <span class='ocr_line' id='line_1_18' title="bbox 470 2801 2009 2885; baseline 0.001 -19"><span class='ocrx_word' id='word_1_116' title='bbox 470 2801 612 2866; x_wconf 86' lang='lat' dir='ltr'>Non</span> <span class='ocrx_word' id='word_1_117' title='bbox 649 2810 851 2865; x_wconf 78' lang='lat' dir='ltr'>tamen</span> <span class='ocrx_word' id='word_1_118' title='bbox 877 2803 1142 2867; x_wconf 84' lang='lat' dir='ltr'>adversis</span> <span class='ocrx_word' id='word_1_119' title='bbox 1171 2811 1430 2885; x_wconf 63' lang='lat' dir='ltr'>aetatem</span> <span class='ocrx_word' id='word_1_120' title='bbox 1464 2802 1738 2866; x_wconf 83' lang='lat' dir='ltr'>ducimus</span> <span class='ocrx_word' id='word_1_121' title='bbox 1770 2801 2009 2884; x_wconf 69' lang='lat' dir='ltr'>austria,</span> 
     </span>
     <span class='ocr_line' id='line_1_19' title="bbox 468 2886 1856 2972; baseline 0.001 -23"><span class='ocrx_word' id='word_1_122' title='bbox 468 2886 741 2964; x_wconf 87' lang='lat' dir='ltr'>Viribus,</span> <span class='ocrx_word' id='word_1_123' title='bbox 771 2888 1031 2970; x_wconf 85' lang='lat' dir='ltr'>ingenio,</span> <span class='ocrx_word' id='word_1_124' title='bbox 1064 2888 1287 2972; x_wconf 87' lang='lat' dir='ltr'>specie,</span> <span class='ocrx_word' id='word_1_125' title='bbox 1317 2888 1564 2966; x_wconf 83' lang='lat' dir='ltr'>virtute,</span> <span class='ocrx_word' id='word_1_126' title='bbox 1595 2887 1748 2965; x_wconf 91' lang='lat' dir='ltr'>loc0,</span> <span class='ocrx_word' id='word_1_127' title='bbox 1773 2907 1856 2965; x_wconf 90' lang='lat' dir='ltr'>re,</span> 
     </span>
    </p>

    <p class='ocr_par' dir='ltr' id='par_1_6' title="bbox 472 2971 1925 3056">
     <span class='ocr_line' id='line_1_20' title="bbox 472 2971 1925 3056; baseline 0.001 -23"><span class='ocrx_word' id='word_1_128' title='bbox 472 2971 741 3034; x_wconf 81' lang='lat' dir='ltr'>Extremi</span> <span class='ocrx_word' id='word_1_129' title='bbox 773 2973 1114 3056; x_wconf 88' lang='lat' dir='ltr'>primorum,</span> <span class='ocrx_word' id='word_1_130' title='bbox 1144 2973 1425 3036; x_wconf 81' lang='lat' dir='ltr'>extremis</span> <span class='ocrx_word' id='word_1_131' title='bbox 1454 2993 1645 3055; x_wconf 89' lang='lat' dir='ltr'>usque</span> <span class='ocrx_word' id='word_1_132' title='bbox 1676 2972 1925 3056; x_wconf 87' lang='lat' dir='ltr'>priores.</span> 
     </span>
    </p>

    <p class='ocr_par' dir='ltr' id='par_1_7' title="bbox 448 3053 2169 3567">
     <span class='ocr_line' id='line_1_21' title="bbox 457 3053 2169 3144; baseline -0.002 -23"><span class='ocrx_word' id='word_1_133' title='bbox 457 3056 614 3121; x_wconf 38' lang='lat' dir='ltr'>*Non</span> <span class='ocrx_word' id='word_1_134' title='bbox 643 3077 709 3120; x_wconf 88' lang='lat' dir='ltr'>es</span> <span class='ocrx_word' id='word_1_135' title='bbox 740 3078 996 3121; x_wconf 84' lang='lat' dir='ltr'>avarus:</span> <span class='ocrx_word' id='word_1_136' title='bbox 1044 3058 1179 3134; x_wconf 83' lang='lat' dir='ltr'>abi3</span> <span class='ocrx_word' id='word_1_137' title='bbox 1226 3059 1396 3144; x_wconf 85' lang='lat' dir='ltr'>quid,</span> <span class='ocrx_word' id='word_1_138' title='bbox 1424 3068 1673 3122; x_wconf 81' lang='lat' dir='ltr'>caetera</span> <span class='ocrx_word' id='word_1_139' title='bbox 1688 3059 1819 3141; x_wconf 85' lang='lat' dir='ltr'>jam</span> <span class='ocrx_word' id='word_1_140' title='bbox 1846 3055 2026 3122; x_wconf 85' lang='lat' dir='ltr'>simul</span> <span class='ocrx_word' id='word_1_141' title='bbox 2050 3053 2169 3121; x_wconf 73' lang='lat' dir='ltr'>isto</span> 
     </span>
     <span class='ocr_line' id='line_1_22' title="bbox 473 3140 1941 3226; baseline 0.001 -21"><span class='ocrx_word' id='word_1_142' title='bbox 473 3140 628 3205; x_wconf 83' lang='lat' dir='ltr'>Cum</span> <span class='ocrx_word' id='word_1_143' title='bbox 658 3141 799 3205; x_wconf 87' lang='lat' dir='ltr'>vitio</span> <span class='ocrx_word' id='word_1_144' title='bbox 827 3143 1040 3224; x_wconf 80' lang='lat' dir='ltr'>fugere</span> <span class='ocrx_word' id='word_1_145' title='bbox 1065 3141 1093 3206; x_wconf 63' lang='grc' dir='ltr'>’.Ρ</span> <span class='ocrx_word' id='word_1_146' title='bbox 1183 3142 1370 3206; x_wconf 82' lang='lat' dir='ltr'>Caret</span> <span class='ocrx_word' id='word_1_147' title='bbox 1397 3142 1506 3206; x_wconf 89' lang='lat' dir='ltr'>tibi</span> <span class='ocrx_word' id='word_1_148' title='bbox 1535 3149 1748 3226; x_wconf 87' lang='lat' dir='ltr'>pectus</span> <span class='ocrx_word' id='word_1_149' title='bbox 1774 3142 1941 3206; x_wconf 82' lang='lat' dir='ltr'>inani</span> 
     </span>
     <span class='ocr_line' id='line_1_23' title="bbox 470 3225 1925 3293; baseline 0.001 -3"><span class='ocrx_word' id='word_1_150' title='bbox 470 3226 814 3291; x_wconf 74' lang='lat' dir='ltr'>Ambitione</span> <span class='ocrx_word' id='word_1_151' title='bbox 844 3226 871 3289; x_wconf 76' lang='lat'>⁸?</span> <span class='ocrx_word' id='word_1_152' title='bbox 897 3229 1082 3293; x_wconf 86' lang='lat' dir='ltr'>Caret</span> <span class='ocrx_word' id='word_1_153' title='bbox 1109 3229 1316 3292; x_wconf 88' lang='lat' dir='ltr'>mortis</span> <span class='ocrx_word' id='word_1_154' title='bbox 1343 3227 1657 3292; x_wconf 87' lang='lat' dir='ltr'>formidine</span> <span class='ocrx_word' id='word_1_155' title='bbox 1688 3236 1753 3290; x_wconf 88' lang='lat' dir='ltr'>et</span> <span class='ocrx_word' id='word_1_156' title='bbox 1780 3225 1925 3291; x_wconf 71' lang='lat' dir='ltr'>ira?</span> 
     </span>
     <span class='ocr_line' id='line_1_24' title="bbox 475 3310 1918 3397; baseline 0.001 -21"><span class='ocrx_word' id='word_1_157' title='bbox 475 3310 741 3392; x_wconf 87' lang='lat' dir='ltr'>Somnia,</span> <span class='ocrx_word' id='word_1_158' title='bbox 771 3320 1030 3377; x_wconf 87' lang='lat' dir='ltr'>terrores</span> <span class='ocrx_word' id='word_1_159' title='bbox 1061 3314 1347 3397; x_wconf 84' lang='lat' dir='ltr'>magicos,</span> <span class='ocrx_word' id='word_1_160' title='bbox 1375 3313 1686 3392; x_wconf 85' lang='lat' dir='ltr'>miracula,</span> <span class='ocrx_word' id='word_1_161' title='bbox 1716 3332 1918 3395; x_wconf 84' lang='lat' dir='ltr'>sagas,</span> 
     </span>
     <span class='ocr_line' id='line_1_25' title="bbox 472 3393 2097 3482; baseline 0 -21"><span class='ocrx_word' id='word_1_162' title='bbox 472 3396 817 3461; x_wconf 85' lang='lat' dir='ltr'>Nocturnos</span> <span class='ocrx_word' id='word_1_163' title='bbox 845 3399 1105 3463; x_wconf 87' lang='lat' dir='ltr'>lemures</span> <span class='ocrx_word' id='word_1_164' title='bbox 1137 3407 1530 3482; x_wconf 81' lang='lat' dir='ltr'>portentaque</span> <span class='ocrx_word' id='word_1_165' title='bbox 1560 3398 1851 3462; x_wconf 80' lang='lat' dir='ltr'>Thessala</span> <span class='ocrx_word' id='word_1_166' title='bbox 1877 3393 2097 3463; x_wconf 68' lang='lat' dir='ltr'>rides?</span> 
     </span>
     <span class='ocr_line' id='line_1_26' title="bbox 448 3481 1879 3567; baseline 0.001 -21"><span class='ocrx_word' id='word_1_167' title='bbox 448 3481 729 3546; x_wconf 81' lang='lat' dir='ltr'>&#39;Natales</span> <span class='ocrx_word' id='word_1_168' title='bbox 758 3491 930 3566; x_wconf 79' lang='lat' dir='ltr'>grate</span> <span class='ocrx_word' id='word_1_169' title='bbox 963 3483 1291 3547; x_wconf 85' lang='lat' dir='ltr'>numeras?</span> <span class='ocrx_word' id='word_1_170' title='bbox 1319 3481 1596 3567; x_wconf 88' lang='lat' dir='ltr'>Ignoscis</span> <span class='ocrx_word' id='word_1_171' title='bbox 1620 3482 1879 3547; x_wconf 79' lang='lat' dir='ltr'>amicis?</span> 
     </span>
    </p>

    <p class='ocr_par' dir='ltr' id='par_1_8' title="bbox 474 3567 1805 3633">
     <span class='ocr_line' id='line_1_27' title="bbox 474 3567 1805 3633; baseline 0 -1"><span class='ocrx_word' id='word_1_172' title='bbox 474 3567 694 3632; x_wconf 88' lang='lat' dir='ltr'>Lenior</span> <span class='ocrx_word' id='word_1_173' title='bbox 723 3577 787 3632; x_wconf 92' lang='lat' dir='ltr'>et</span> <span class='ocrx_word' id='word_1_174' title='bbox 815 3570 1022 3632; x_wconf 89' lang='lat' dir='ltr'>melior</span> <span class='ocrx_word' id='word_1_175' title='bbox 1048 3569 1123 3632; x_wconf 89' lang='lat' dir='ltr'>fis</span> <span class='ocrx_word' id='word_1_176' title='bbox 1149 3569 1478 3633; x_wconf 72' lang='lat' dir='ltr'>accedente</span> <span class='ocrx_word' id='word_1_177' title='bbox 1507 3567 1805 3632; x_wconf 79' lang='lat' dir='ltr'>senecta?</span> 
     </span>
    </p>

    <p class='ocr_par' dir='ltr' id='par_1_9' title="bbox 475 3649 2046 3804">
     <span class='ocr_line' id='line_1_28' title="bbox 475 3649 2046 3738; baseline 0 -21"><span class='ocrx_word' id='word_1_178' title='bbox 475 3653 633 3727; x_wconf 87' lang='lat' dir='ltr'>Quid</span> <span class='ocrx_word' id='word_1_179' title='bbox 665 3662 727 3718; x_wconf 89' lang='lat' dir='ltr'>te</span> <span class='ocrx_word' id='word_1_180' title='bbox 757 3661 1035 3738; x_wconf 65' lang='lat' dir='ltr'>exampta.</span> <span class='ocrx_word' id='word_1_181' title='bbox 1061 3655 1226 3718; x_wconf 86' lang='lat' dir='ltr'>levat</span> <span class='ocrx_word' id='word_1_182' title='bbox 1253 3655 1438 3738; x_wconf 85' lang='lat' dir='ltr'>spinis</span> <span class='ocrx_word' id='word_1_183' title='bbox 1468 3653 1544 3717; x_wconf 90' lang='lat' dir='ltr'>de</span> <span class='ocrx_word' id='word_1_184' title='bbox 1576 3653 1844 3737; x_wconf 86' lang='lat' dir='ltr'>pluribus</span> <span class='ocrx_word' id='word_1_185' title='bbox 1871 3649 2046 3721; x_wconf 62' lang='lat' dir='ltr'>una?</span> 
     </span>
     <span class='ocr_line' id='line_1_29' title="bbox 475 3739 1747 3804; baseline -0.003 0"><span class='ocrx_word' id='word_1_186' title='bbox 475 3739 702 3804; x_wconf 82' lang='lat' dir='ltr'>Vivere</span> <span class='ocrx_word' id='word_1_187' title='bbox 731 3739 782 3803; x_wconf 90' lang='lat' dir='ltr'>si</span> <span class='ocrx_word' id='word_1_188' title='bbox 812 3747 978 3804; x_wconf 87' lang='lat' dir='ltr'>recte</span> <span class='ocrx_word' id='word_1_189' title='bbox 1009 3740 1205 3803; x_wconf 89' lang='lat' dir='ltr'>nescis</span> <span class='ocrx_word' id='word_1_190' title='bbox 1258 3739 1486 3803; x_wconf 88' lang='lat' dir='ltr'>decede</span> <span class='ocrx_word' id='word_1_191' title='bbox 1595 3739 1747 3801; x_wconf 89' lang='lat' dir='ltr'>ritis.</span> 
     </span>
    </p>

    <p class='ocr_par' dir='ltr' id='par_1_10' title="bbox 476 3761 1763 3909">
     <span class='ocr_line' id='line_1_30' title="bbox 476 3761 1763 3909; baseline -0.002 -21"><span class='ocrx_word' id='word_1_192' title='bbox 476 3824 699 3889; x_wconf 81' lang='lat' dir='ltr'>Lusisti</span> <span class='ocrx_word' id='word_1_193' title='bbox 729 3825 897 3905; x_wconf 87' lang='lat' dir='ltr'>satis,</span> <span class='ocrx_word' id='word_1_194' title='bbox 928 3824 1105 3888; x_wconf 85' lang='lat' dir='ltr'>edisti</span> <span class='ocrx_word' id='word_1_195' title='bbox 1132 3825 1278 3889; x_wconf 83' lang='lat' dir='ltr'>satis</span> <span class='ocrx_word' id='word_1_196' title='bbox 1305 3834 1489 3909; x_wconf 76' lang='lat' dir='ltr'>atque</span> <span class='ocrx_word' id='word_1_197' title='bbox 1516 3761 1717 3887; x_wconf 60' lang='lat' dir='ltr'>bibisti</span> <span class='ocrx_word' id='word_1_198' title='bbox 1744 3841 1763 3900; x_wconf 89' lang='lat'>;</span> 
     </span>
    </p>

    <p class='ocr_par' dir='ltr' id='par_1_11' title="bbox 476 3908 2037 4081">
     <span class='ocr_line' id='line_1_31' title="bbox 476 3908 2037 3994; baseline -0.002 -20"><span class='ocrx_word' id='word_1_199' title='bbox 476 3910 737 3994; x_wconf 80' lang='lat' dir='ltr'>Tempus</span> <span class='ocrx_word' id='word_1_200' title='bbox 765 3910 929 3974; x_wconf 84' lang='lat' dir='ltr'>abire</span> <span class='ocrx_word' id='word_1_201' title='bbox 961 3910 1067 3973; x_wconf 90' lang='lat' dir='ltr'>tibi</span> <span class='ocrx_word' id='word_1_202' title='bbox 1097 3917 1211 3989; x_wconf 88' lang='lat' dir='ltr'>est,</span> <span class='ocrx_word' id='word_1_203' title='bbox 1239 3932 1317 3974; x_wconf 91' lang='lat' dir='ltr'>ne</span> <span class='ocrx_word' id='word_1_204' title='bbox 1350 3916 1555 3994; x_wconf 88' lang='lat' dir='ltr'>potum</span> <span class='ocrx_word' id='word_1_205' title='bbox 1586 3908 1814 3993; x_wconf 83' lang='lat' dir='ltr'>largius</span> <span class='ocrx_word' id='word_1_206' title='bbox 1843 3926 2037 3992; x_wconf 81' lang='lat' dir='ltr'>aequo</span> 
     </span>
     <span class='ocr_line' id='line_1_32' title="bbox 477 3991 1896 4081; baseline -0.002 -22"><span class='ocrx_word' id='word_1_207' title='bbox 477 3994 701 4061; x_wconf 86' lang='lat' dir='ltr'>Rideat</span> <span class='ocrx_word' id='word_1_208' title='bbox 729 4001 794 4059; x_wconf 81' lang='lat' dir='ltr'>et</span> <span class='ocrx_word' id='word_1_209' title='bbox 820 3997 1020 4081; x_wconf 85' lang='lat' dir='ltr'>pulset</span> <span class='ocrx_word' id='word_1_210' title='bbox 1045 3995 1271 4061; x_wconf 84' lang='lat' dir='ltr'>lasciva</span> <span class='ocrx_word' id='word_1_211' title='bbox 1297 3995 1610 4060; x_wconf 87' lang='lat' dir='ltr'>decentius</span> <span class='ocrx_word' id='word_1_212' title='bbox 1638 4001 1829 4059; x_wconf 82' lang='lat' dir='ltr'>aetas.</span> <span class='ocrx_word' id='word_1_213' title='bbox 1852 3991 1896 4025; x_wconf 85' lang='lat'><strong>”</strong></span> 
     </span>
    </p>
   </div>
   <div class='ocr_carea' id='block_1_4' title="bbox 2451 1796 2664 1853">
    <p class='ocr_par' dir='ltr' id='par_1_12' title="bbox 2451 1796 2664 1853">
     <span class='ocr_line' id='line_1_33' title="bbox 2451 1796 2664 1853; baseline 0 0"><span class='ocrx_word' id='word_1_214' title='bbox 2451 1796 2664 1853; x_wconf 57' lang='lat' dir='ltr'>lw&#39;</span> 
     </span>
    </p>
   </div>
   <div class='ocr_carea' id='block_1_5' title="bbox 2446 2226 2543 2279">
    <p class='ocr_par' dir='ltr' id='par_1_13' title="bbox 2446 2226 2543 2279">
     <span class='ocr_line' id='line_1_34' title="bbox 2446 2226 2543 2279; baseline 0 0"><span class='ocrx_word' id='word_1_215' title='bbox 2446 2226 2543 2279; x_wconf 54' lang='grc' dir='ltr'>Ἀῶ</span> 
     </span>
    </p>
   </div>
   <div class='ocr_carea' id='block_1_6' title="bbox 2451 3498 2552 3549">
    <p class='ocr_par' dir='ltr' id='par_1_14' title="bbox 2451 3498 2552 3549">
     <span class='ocr_line' id='line_1_35' title="bbox 2451 3498 2552 3549; baseline 0 0"><span class='ocrx_word' id='word_1_216' title='bbox 2451 3498 2552 3549; x_wconf 79' lang='lat' dir='ltr'>mo</span> 
     </span>
    </p>
   </div>
  </div>
 </body>
</html>
