2900 6042
933 1599 1063 1645 LIB.
1111 1598 1188 1645 11.
1236 1598 1434 1645 cARM.
1484 1600 1562 1646 11.

613 1752 700 1818 Et
728 1760 949 1816 cuncta
976 1759 1274 1817 terrarum
1305 1754 1557 1817 subacta

704 1838 962 1903 Praeter
991 1849 1258 1903 atrocem
1288 1841 1551 1902 animum
1583 1838 1850 1906 Catonis.

526 1924 574 1991 J
573 1947 693 1989 uno
746 1933 810 1989 et
839 1926 1086 1989 deorum
1116 1926 1386 2009 quisquis
1416 1926 1665 1989 amicior

524 2011 696 2076 Afris
726 2010 918 2074 inulta
947 2019 1213 2075 cesserat
1241 2012 1537 2095 impotens

616 2097 857 2161 Tellure
913 2098 1203 2182 victorum
1226 2106 1479 2181 nepotes

693 2183 960 2247 Rettulit
988 2184 1232 2247 inferias
1261 2183 1630 2266 Jugurthae.

527 2266 678 2341 Quis
707 2290 826 2331 non
855 2269 1071 2332 Latino
1102 2270 1393 2352 sanguine
1423 2271 1705 2354 pinguior

529 2352 791 2437 Campus
820 2356 1112 2439 sepulcris
1142 2356 1325 2439 impia
1352 2357 1583 2440 proelia

612 2439 898 2504 Testatur
950 2441 1342 2525 auditumque
1374 2441 1578 2507 Medis

696 2526 1034 2610 Hesperiae
1065 2528 1323 2590 sonitum
1353 2527 1612 2593 ruinae?

527 2608 646 2683 Qui
675 2633 922 2695 gurges,
952 2620 1058 2676 aut
1087 2634 1243 2696 quae
1272 2614 1518 2677 flumina
1546 2614 1817 2714 lugubris

524 2695 754 2780 Ignara
779 2697 973 2761 belli?
1019 2698 1180 2781 quod
1209 2720 1375 2762 mare
1405 2699 1684 2764 Daumae

608 2782 674 2849 N
676 2805 753 2847 on
786 2783 1206 2847 decoloravere
1237 2783 1457 2848 caedes
1482 2783 1510 2848 ’ἲ

693 2868 863 2943 Quae
897 2875 1068 2932 caret
1101 2889 1206 2932 ora
1235 2890 1446 2933 cruore
1477 2869 1734 2935 nostro?

523 2950 649 3017 Sed
677 2976 755 3018 ne
808 2955 1056 3035 relictis,
1086 2953 1270 3018 Musa
1299 2976 1545 3040 procax,
1567 2956 1747 3041 jocis,

449 3097 453 3101 .
531 3037 694 3104 Ceae
724 3047 1018 3105 retractes
1045 3062 1298 3105 munera
1360 3042 1621 3107 neniae:

605 3124 858 3191 Mecum
885 3127 1159 3191 Dionaeo
1188 3127 1299 3190 sub
1328 3136 1504 3192 antro

696 3212 938 3287 Quaere
968 3212 1175 3277 modos
1203 3214 1426 3279 leviore
1457 3215 1711 3300 plectro.

881 3641 1360 3719 GARMEN
1416 3641 1547 3708 II.

515 3983 781 4047 Nmns
805 3989 1058 4066 argento
1088 3984 1252 4047 color
1280 3989 1376 4048 est
1403 3984 1603 4048 avaris
1665 4024 1679 4037 ·

514 4068 746 4134 Abdito
776 4069 976 4149 terris,
1006 4069 1243 4133 inimice
1273 4071 1521 4135 lamnae.

517 4154 730 4240 Crispe
764 4153 1038 4235 Sallusti,
1068 4155 1184 4219 nisi
1211 4162 1547 4240 temperato

858 4239 1192 4325 Splendeat
1220 4264 1357 4307 usu.

514 4325 704 4392 Vivet
733 4334 978 4392 extento
1006 4328 1359 4392 Proculeius
1390 4347 1542 4392 aevo
1586 4338 1589 4341 ’

512 4412 714 4477 Notus
743 4414 805 4477 in
835 4415 1055 4478 fratres
1085 4416 1266 4479 animi
1295 4414 1533 4500 paterni
1560 4432 1578 4491 3

519 4499 701 4564 Illum
734 4508 877 4584 aget
904 4522 1104 4585 penna
1132 4507 1440 4565 metuente
1470 4498 1621 4564 solvi
1738 4539 1748 4547 ·

856 4586 1047 4650 Fama
1075 4595 1402 4672 superstes.

511 4669 723 4735 Latius
751 4692 971 4755 regnes
1001 4673 1242 4735 avidum
1274 4670 1571 4735 domando

515 4755 830 4842 Spiritum,
862 4778 1044 4841 quam
1073 4758 1125 4821 si
1159 4758 1417 4841 Libyam
1448 4753 1692 4818 remotis

513 4843 786 4909 Gadibus
806 4843 1034 4928 jungas
1087 4851 1151 4906 et
1179 4850 1437 4926 uterque
1471 4841 1715 4904 Poenus

860 4928 1101 4994 Serviat
1128 4929 1256 4992 uni.

515 5013 752 5080 Crescit
779 5016 1100 5098 indulgens
1130 5015 1243 5078 sibi
1275 5013 1441 5076 dirus
1470 5010 1761 5098 hydrops,

511 5099 648 5166 Neo
681 5101 839 5166 sitim
869 5102 1039 5187 pellit
1088 5101 1203 5166 nisi
1233 5120 1419 5165 causa
1444 5097 1636 5162 morbi

2206 1585 2289 1648 33

2204 3237 2269 3285 ⁴0

2203 4771 2263 4822 lo
