2900 6042
1137 1411 1270 1460 m.
1317 1411 1364 1460 1.
1411 1410 1548 1460 sn.
1594 1413 1688 1462 1v.
2374 1393 2502 1459 137

400 1562 662 1631 Condita
691 1585 829 1630 cum
859 1586 1047 1631 verax
1077 1566 1275 1652 aperit
1304 1567 1661 1652 praecordia
1690 1566 1895 1631 Liber.

399 1651 522 1716 Hic
555 1653 662 1715 tibi
694 1652 878 1717 comis
907 1661 972 1717 et
998 1655 1266 1718 urbanus
1295 1655 1569 1738 liberque
1600 1654 1865 1736 videtur,
2437 1675 2502 1726 90

396 1738 628 1802 Infesto
657 1739 867 1822 nigris.
962 1739 1097 1824 Ego
1126 1741 1176 1804 si
1205 1741 1311 1804 risi
1341 1741 1503 1825 quod
1532 1742 1774 1825 ineptus

397 1824 680 1890 Pastillos
711 1825 974 1890 Rufillus
1004 1829 1149 1905 olet,
1183 1826 1529 1910 Gargonius
1560 1829 1819 1906 hircum,

401 1912 647 1976 Lividus
683 1920 745 1976 et
775 1914 1025 1977 mordax
1057 1913 1263 1977 videor
1291 1912 1447 1978 tibi?
1537 1914 1773 1978 Mentio
1802 1913 1854 1978 si
1884 1935 2008 2000 qua

398 1999 491 2063 De
526 1997 848 2084 Capitolini
878 2001 1058 2065 furtis
1086 2001 1313 2086 injecta
1342 2001 1548 2065 Petilli

396 2086 483 2150 Te
515 2107 718 2150 coram
747 2087 954 2167 fuerit,
987 2087 1282 2152 defendas
1314 2095 1385 2151 ut
1414 2095 1555 2152 tuus
1586 2094 1680 2151 est
1707 2108 1835 2151 mos
1867 2109 1885 2151 t
2437 2104 2502 2158 95

395 2177 438 2211 “
460 2172 568 2236 Me
603 2172 978 2257 Capitolinus
1008 2175 1352 2239 convictore
1383 2196 1528 2239 usus
1558 2174 1872 2258 amicoque

393 2260 455 2322 A
487 2280 677 2342 puero
707 2268 804 2324 est
836 2282 1139 2345 causaque
1168 2283 1308 2325 mea
1336 2263 1640 2346 permulta
1667 2274 1917 2346 rogatus

391 2344 592 2426 Fecit,
624 2353 688 2409 et
716 2347 1029 2411 incolumis
1059 2349 1255 2412 laetor
1284 2348 1445 2431 quod
1477 2349 1624 2412 vivit
1651 2348 1714 2411 in
1744 2349 1935 2424 urbe;

394 2430 520 2496 Sed
553 2440 757 2496 tamen
788 2434 1075 2515 admiror,
1105 2456 1225 2518 quo
1255 2442 1435 2519 pacto
1456 2434 1753 2519 judicium
1781 2434 1931 2498 illud

390 2518 718 2604 Fugerit.''
809 2520 932 2584 Hic
964 2521 1172 2603 nigrae
1203 2542 1423 2585 succus
1454 2521 1736 2605 loliginis,
1765 2521 1917 2585 haec
1949 2527 2044 2584 est
2409 2529 2502 2582 loo

389 2606 646 2691 Aerugo
675 2627 864 2671 mera.
957 2606 1133 2682 Quod
1167 2607 1377 2671 vitium
1406 2610 1617 2692 procul
1647 2609 1813 2672 afore
1843 2608 2070 2672 chartis

393 2692 605 2777 Atque
637 2694 835 2758 animo
865 2693 1055 2778 prius,
1085 2703 1155 2757 ut
1184 2694 1236 2758 si
1267 2694 1413 2778 quid
1443 2695 1795 2779 promittere
1826 2693 1903 2757 de
1933 2715 2031 2758 me

394 2779 649 2844 Possum
682 2781 846 2844 aliud
878 2802 1046 2860 vere,
1076 2781 1379 2865 promitto·
1475 2779 1750 2845 Liberius
1779 2781 1832 2845 si

393 2866 626 2931 Dixero
656 2867 825 2950 quid,
856 2868 908 2931 si
938 2869 1093 2932 forte
1113 2868 1401 2952 jocosiuS‚
1432 2868 1546 2931 hoc
1577 2868 1724 2931 mihi
1741 2868 1903 2953 juris

393 2952 550 3017 Cum
579 2955 758 3019 venia
787 2955 997 3018 dabis:
1046 2955 1310 3018 insuevit
1339 2963 1514 3040 pater
1543 2956 1803 3038 optimus
1833 2955 1947 3020 hoc
1976 2975 2103 3036 me,
2402 2960 2497 3011 105

391 3039 488 3104 Ut
515 3041 792 3124 fugerem
824 3042 1115 3126 exemplis
1144 3042 1424 3105 vitiorum
1457 3063 1737 3126 quaeque
1768 3040 2051 3106 notando.

395 3125 549 3191 Cum
580 3148 678 3191 me
707 3128 1077 3208 hortaretur,
1108 3149 1315 3213 parce,
1344 3129 1687 3212 frugaliter,
1719 3137 1902 3214 afflue

394 3212 686 3279 Viverem
716 3215 807 3278 nti
838 3222 1158 3279 contentus
1189 3236 1261 3279 eo
1292 3215 1454 3298 quod
1487 3216 1569 3279 mi
1597 3216 1726 3300 ipse
1757 3222 2074 3300 parasset:

390 3304 434 3337 ‘⁴
460 3299 681 3364 Nonne
714 3301 883 3364 vides
912 3302 1059 3365 Albi
1088 3308 1161 3365 ut
1189 3303 1346 3364 male
1377 3302 1543 3366 vivat
1570 3303 1751 3381 filius,
1785 3310 1974 3388 utque

393 3385 628 3450 Barrus
657 3387 828 3471 inops
855 3386 881 3450 ’ἓ
970 3388 1270 3472 Magnum
1299 3388 1725 3452 documentum
1759 3411 1837 3452 ne
1868 3388 2125 3474 patriam
2152 3407 2285 3452 rem
2400 3399 2494 3449 110

390 3472 662 3537 Perdere
694 3475 828 3557 quis
861 3475 1074 3538 velit.'’
1165 3475 1228 3538 A
1260 3475 1425 3560 turpi
1454 3475 1790 3539 meretricis
1819 3496 2022 3539 amore

392 3558 548 3624 Cum
576 3560 955 3624 deterreret:
1007 3567 1048 3598 ‘⁴
1077 3559 1326 3625 Scetani
1355 3560 1656 3625 dissimilis
1686 3561 1829 3625 sis.”

390 3646 492 3710 Ne
524 3668 816 3730 sequerer
846 3648 1126 3711 moechas
1159 3669 1448 3712 concessa
1476 3668 1612 3711 cum
1644 3669 1866 3711 venere
1891 3647 1989 3724 ‚uti

390 3733 683 3797 Possem:
731 3738 773 3770 ‘⁶
801 3733 1105 3817 Deprensi
1134 3756 1254 3797 non
1284 3735 1444 3798 bella
1473 3740 1568 3797 est
1605 3734 1769 3797 fama
1796 3730 2119 3813 Treboni,”

388 3820 639 3883 Aiebat.
729 3825 770 3856 “
799 3818 1054 3903 Sapiens
1085 3821 1278 3885 vitatu
1310 3819 1576 3904 quidque
1608 3821 1807 3904 petitu
1939 3876 1954 3891 ,
2401 3829 2495 3880 115

393 3905 490 3970 Sit
517 3906 733 3970 melius
764 3927 979 3970 causas
1009 3906 1228 3974 reddet
1257 3907 1406 3970 tibi:
1454 3906 1536 3968 mi
1565 3906 1712 3970 satis
1742 3914 1837 3970 est
1866 3906 1918 3970 si

389 3992 710 4057 Traditum
740 3993 817 4056 ab
849 3993 1114 4076 antiquis
1144 4013 1369 4056 morem
1401 4013 1646 4057 servare
1678 4000 1990 4080 tuamque,

389 4079 558 4144 Dum
588 4078 856 4143 custodis
887 4100 1055 4164 eges,
1087 4079 1275 4142 vitam
1305 4079 1648 4163 famamque
1682 4081 1841 4144 tueri

388 4165 764 4230 Incolumem
795 4187 1035 4250 possum
1063 4187 1079 4243 ;
1126 4166 1302 4228 simul
1333 4187 1405 4229 ac
1438 4165 1752 4231 duraverit
1784 4174 1955 4231 aetas

389 4251 671 4316 Membra
700 4253 1082 4337 animumque
1114 4258 1286 4315 tuum
1315 4252 1488 4316 nabis
1517 4252 1646 4316 sine
1677 4253 1975 4318 cortice-'⁹
2070 4251 2173 4318 Sic
2202 4272 2302 4318 me
2401 4260 2494 4312 120

389 4338 717 4403 Formabat
746 4360 1002 4423 puerum
1031 4338 1210 4402 dictis
1241 4359 1258 4416 ;
1304 4346 1369 4402 et
1398 4339 1525 4403 sive
1546 4340 1807 4423 jubebat

390 4424 482 4489 Ut
510 4426 775 4488 facerem
806 4424 989 4508 quid:
1038 4431 1080 4463 ‘⁴
1108 4425 1321 4488 Habes
1352 4433 1663 4489 auctorem
1693 4447 1812 4510 quo
1842 4425 2032 4490 facias
2058 4424 2175 4490 hoc
2198 4422 2281 4503 ;”

390 4510 602 4575 Unum
629 4531 706 4574 ex
725 4511 1036 4596 judicibus
1064 4511 1307 4575 selectis
1339 4511 1701 4595 objiciebat3

393 4596 537 4662 Sive
567 4598 857 4661 vetabat:
905 4602 947 4635 “
971 4599 1078 4660 An
1106 4597 1220 4661 hoc
1250 4597 1632 4661 inhonestum
1662 4605 1725 4661 et
1752 4598 1963 4662 inutile
1992 4597 2165 4664 factu

389 4682 607 4748 Necne
639 4683 720 4747 sit
748 4683 1094 4763 addubiteS‚
1115 4684 1337 4767 flagret
1366 4704 1607 4747 rumore
1638 4685 1797 4747 malo
1828 4705 1967 4748 cum
2400 4686 2494 4738 125

388 4769 514 4834 Hic
543 4775 729 4855 atque
759 4768 911 4834 ille?
1000 4769 1240 4834 Avidos
1270 4769 1533 4833 vicinum
1566 4770 1748 4834 funus
1779 4778 1844 4834 et
1873 4790 2092 4856 aegros

389 4854 741 4937 Exanimat,
769 4855 1099 4941 mortisque
1128 4864 1298 4920 metu
1327 4855 1439 4920 sibi
1504 4877 1716 4920 arcere
1747 4857 1951 4942 cogit3

392 4939 498 5008 Sic
528 4949 771 5009 teneros
798 4943 1255 5092 ammolss2aliena
1283 4963 1471 5028 oppro
1512 4942 1607 5008 ria
1635 4963 1819 5030 saepe
