2900 6042
165 681 226 744 224
567 697 626 742 ans
651 683 793 740 polines.

164 853 300 933 Denique
317 852 353 912 sit
370 851 487 933 quiduis
515 850 638 932 simplex
655 848 800 910 duntaxat
817 856 845 909 et
859 870 962 911 unum.

164 938 296 998 blasima
312 959 381 1019 pars
398 945 508 1011 ratum,
526 955 611 1016 pater
627 943 656 995 et
667 936 795 1015 jtrvenes
812 943 896 1015 patre
913 934 1007 1017 digni,

165 1023 342 1104 Decipiruur
357 1023 455 1104 specie
473 1022 558 1082 recti.
606 1021 711 1080 Breuis
729 1042 792 1081 csse
809 1021 921 1098 labora,

165 1107 318 1169 Obscurus
332 1109 371 1169 fio
385 1128 392 1182 3
416 1114 581 1169 sectantem
597 1106 674 1167 levia
690 1106 775 1166 nervi

163 1191 317 1255 Deficiunt
332 1193 480 1274 animique
495 1212 502 1266 ;
526 1191 677 1274 professus
692 1190 820 1272 grandia
836 1196 958 1273 turget3

165 1276 267 1361 Serpit
280 1278 362 1339 humi
378 1284 460 1340 tutus
475 1277 596 1338 nimium
612 1275 792 1359 timidusque
807 1277 976 1358 procellae3

164 1361 223 1435 Qui
239 1363 353 1425 variare
370 1363 453 1444 cupit
467 1383 531 1424 rem
548 1361 753 1445 prodigialiter
767 1382 869 1440 unam,

163 1446 345 1531 Delphinum
360 1448 441 1510 silvis
456 1447 601 1530 appingit,
616 1446 754 1508 fluctibus
769 1464 882 1529 aprum

163 1533 202 1596 In
216 1532 320 1595 vitium
335 1533 420 1596 ducit
434 1533 540 1615 culpae
555 1532 629 1614 fuga
653 1530 679 1594 si
694 1538 779 1594 earet
793 1539 869 1594 arte.

163 1614 325 1680 Aemilium
340 1618 421 1681 circa
434 1618 537 1680 ludum
552 1616 637 1679 faber
651 1637 729 1679 unus
744 1625 776 1680 et
790 1636 907 1699 ungues

166 1700 321 1786 Exprimet
335 1710 366 1766 et
379 1703 482 1766 molles
496 1702 660 1765 imitabitur
675 1722 745 1765 aere
764 1702 897 1786 capillos,

163 1785 273 1851 Infelix
286 1789 385 1873 operis
399 1809 514 1852 summa
540 1788 611 1870 quia
625 1808 736 1870 ponere
753 1795 847 1851 totum

163 1871 299 1938 Nesciet.
323 1873 413 1938 Hune
429 1895 486 1957 ego
498 1894 558 1948 me,
573 1873 598 1936 si
613 1872 686 1956 quid
701 1893 878 1956 componere
893 1892 1008 1955 curem,

163 1956 234 2022 Non
248 1959 344 2042 magis
359 1980 424 2022 esse
442 1959 530 2022 velim
556 1979 647 2041 quam
661 1978 734 2022 naso
749 1958 850 2022 vivere
865 1979 969 2044 pravo,

165 2041 369 2128 Spectandum
384 2045 477 2127 nigris
492 2045 585 2107 oculis
597 2044 743 2126 nigroque
759 2045 876 2127 capillo.

165 2127 280 2193 Sumite
295 2129 450 2192 materiam
466 2130 583 2209 vestris,
598 2129 650 2212 qui
664 2129 793 2192 scribitis
819 2149 947 2212 aequam

129 2186 287 2277 ivit-ibus
312 2222 344 2278 et
358 2223 475 2278 versate
491 2215 543 2278 diu
570 2214 738 2298 quid'ferre
753 2221 904 2294 recusent,
984 2284 988 2293 ¹

163 2297 243 2372 Quid
258 2300 379 2363 valeant
392 2300 518 2363 humeri.
564 2300 622 2363 (lui
635 2301 715 2363 lecta
730 2308 867 2384 potenter
881 2299 941 2364 erit
953 2320 1014 2381 res,

163 2382 195 2446 N
196 2404 232 2448 eo
241 2384 387 2448 facundia
402 2385 522 2448 deseret
536 2385 616 2449 hunc
631 2407 687 2449 nec
703 2385 820 2449 lucidus
834 2385 916 2449 ordo.

164 2467 285 2533 Ordinis
297 2471 373 2533 haec
389 2471 483 2533 virtus
498 2471 555 2533 erit
570 2479 601 2533 et
617 2493 721 2549 venus,
737 2478 789 2534 aut
803 2492 860 2554 ego
874 2470 973 2550 fallor,

162 2554 209 2618 Ut
217 2557 283 2640 Jam
296 2576 376 2619 nunc
392 2556 474 2619 dicat
483 2557 548 2640 jam
562 2577 641 2619 nunc
654 2557 796 2620 debentia
810 2556 882 2635 dici,

162 2639 312 2724 Pleraque
328 2642 446 2705 differat
460 2649 492 2705 et
506 2663 647 2726 praesens
663 2643 693 2704 in
709 2650 826 2726 tempus
842 2641 983 2717 omittat3

166 2725 231 2790 Hoc
246 2733 336 2803 amet,
373 2748 408 2790 oc
423 2734 547 2811 spernat
562 2727 695 2812 promissi
710 2728 849 2790 carminis
864 2735 980 2792 auctor.

166 2811 201 2876 [n
215 2811 314 2877 verbis
361 2815 419 2876 iam
434 2814 532 2876 tenuis
546 2821 711 2896 cautusque
727 2813 873 2893 serendis,

164 2897 285 2962 Dixeris
355 2899 421 2981 egio
449 2907 551 2962 notum
566 2899 592 2962 si
607 2900 714 2962 callida
730 2899 854 2962 verbum

162 2983 341 3048 Reddiderit
350 2985 495 3068 junctura
509 3005 629 3048 novum.
675 2983 708 3046 Si
723 2985 801 3047 forte
815 3004 940 3048 necesse
956 2989 1004 3049 est

162 3068 286 3134 Iudiciis
300 3078 465 3133 monstrare
481 3071 650 3134 recentibus
665 3069 767 3133 abdita
781 3091 894 3150 rerum,

162 3154 292 3239 Fingere
308 3156 448 3219 cinctutis
463 3177 522 3218 non
539 3156 680 3218 exaudita
695 3155 839 3239 Cethegis

163 3239 518 3325 Continget,dabiturque
534 3241 655 3304 licentia
669 3250 788 3325 sumpta
803 3239 968 3325 pudenter;

163 3325 205 3389 Et
218 3347 295 3389 nova
310 3326 439 3409 ficteque
454 3348 551 3411 nuper
565 3326 716 3389 habebunt
732 3328 824 3391 verba
841 3327 931 3391 fidem
955 3326 982 3392 si

163 3409 281 3474 Graeco
296 3410 377 3473 fonte
392 3411 607 3494 cadant,parce
623 3412 752 3475 detorta.
797 3411 877 3485 Quid
893 3419 996 3477 autem

163 3494 294 3559 Caecilio
308 3496 475 3580 Plautoque
491 3497 573 3560 dabit
589 3497 743 3561 Romanus
769 3496 943 3582 ademptum

163 3580 290 3665 Virgilio
305 3579 486 3665 Varioque?
531 3581 596 3665 Ego
612 3603 666 3645 cur
692 3583 848 3666 acquirere
863 3601 962 3665 pauca

164 3663 197 3730 Si
212 3687 330 3750 possum
357 3667 502 3746 invideor,
519 3689 587 3730 cum
601 3668 705 3751 lingua
720 3668 842 3731 Catonis
856 3675 888 3731 et
903 3665 984 3730 Enni

165 3749 337 3815 Sermonem
353 3753 482 3836 patrium
497 3753 637 3816 ditaverit
652 3762 684 3816 et
698 3774 776 3816 nova
789 3774 890 3816 rerum

163 3835 293 3900 Nomina
304 3838 486 3921 protulerit?
530 3838 641 3917 Licuit,
656 3859 833 3922 semperque
848 3837 950 3902 licebit

164 3921 323 4006 Signatum
338 3932 494 4007 praesente
510 3933 581 3987 nota
593 3926 761 4008 producere
777 3945 895 3988 nomen.

164 4006 210 4073 Ut
223 4008 316 4071 silvae
331 4009 408 4072 foliis
424 4031 530 4093 pronos
545 4017 700 4073 mutantur
714 4010 745 4073 iu
762 4031 866 4089 annos,

163 4093 266 4157 Prima
277 4093 410 4171 eadunt3
433 4095 476 4157 ita
491 4096 648 4159 verborum
662 4104 751 4159 vetus
764 4096 867 4159 interit
881 4102 977 4180 aetas,

163 4178 205 4242 Et
214 4181 361 4263 juvenum
375 4180 436 4243 ritu
449 4181 557 4244 florent
570 4182 657 4246 modo
672 4188 745 4246 nata
759 4181 932 4270 vigentque..
