2900 6042
236 1342 300 1412 208
646 1360 868 1408 arrsronsuuu

238 1513 366 1579 Ostendi
380 1512 478 1594 Latio,
493 1535 632 1578 numeros
647 1514 819 1597 animosque
834 1517 956 1577 secutus

237 1600 421 1673 Archilochi,
438 1622 497 1662 non
512 1620 560 1663 res
576 1608 608 1664 et
622 1600 743 1682 agentia
758 1599 850 1662 verba
864 1596 1047 1684 Lycamben.

236 1685 286 1750 Ae
300 1707 339 1749 ne
353 1706 401 1748 me
416 1686 493 1748 foliis
509 1686 577 1749 ideo
590 1685 775 1751 breuioribus
790 1705 878 1748 ornes

237 1769 325 1844 Quod
340 1771 424 1833 timui
439 1779 555 1834 mutare
571 1771 672 1833 modos
686 1780 720 1833 et
734 1771 873 1833 carminis
888 1775 996 1846 artem,

237 1856 399 1940 Temperat
414 1856 588 1919 Archilochi
603 1855 722 1919 Musam
739 1855 816 1939 pede
831 1856 967 1919 muscula
982 1852 1115 1940 Sappho,

237 1941 399 2024 Temperat
413 1942 556 2021 Alcaeus,
571 1940 625 2004 sed
640 1941 730 2004 rebus
745 1950 777 2004 et
791 1940 895 2004 ordino
910 1940 1023 2025 dispar,

237 2025 305 2090 Nee
320 2047 455 2089 socerum
470 2028 589 2110 quaerit
603 2047 692 2109 quem
707 2027 842 2089 versibus
857 2026 969 2090 oblinat
983 2025 1067 2106 atris,

238 2110 305 2175 Nee
320 2132 446 2195 sponsae
460 2113 602 2195 laqueum
616 2112 730 2174 famoso
745 2111 877 2175 carmine
891 2111 996 2174 nectit.

237 2196 329 2260 Hunc
346 2218 402 2279 ego
417 2218 475 2259 non
491 2198 548 2260 alio
563 2196 677 2259 dictum
692 2197 775 2280 prius
790 2217 841 2260 ore
857 2197 983 2260 Latinus

236 2281 370 2365 Vulgari
384 2282 512 2359 fidicen3
530 2283 620 2366 juvat
633 2282 838 2346 immemorata
851 2283 1000 2346 ferentem
1025 2327 1036 2348 x

237 2366 382 2451 Ingenuis
396 2368 548 2451 oculisque
562 2367 624 2451 logi
637 2369 833 2451 manibusque
849 2368 956 2431 teneri.

239 2450 324 2516 Scire
338 2453 412 2516 velis
426 2474 494 2516 mea
508 2475 562 2517 cur
577 2454 712 2537 ingratus
727 2455 871 2537 opuscula
884 2453 980 2518 lector

237 2537 356 2602 Laudet
369 2546 509 2623 ametque
525 2539 614 2617 domi,
630 2546 748 2622 premat
762 2546 849 2602 extra
861 2539 952 2602 limen
966 2535 1110 2624 iniquusi

237 2623 308 2688 Non
323 2646 379 2708 ego
394 2633 534 2688 ventosae
550 2624 644 2708 plebis
662 2623 804 2708 suffragia
819 2646 912 2688 venor

236 2709 384 2795 Impensis
399 2732 558 2774 coenarum
574 2719 606 2773 et
620 2709 708 2773 tritae
723 2732 847 2774 munere
863 2711 974 2787 vestim

237 2795 309 2860 Non
324 2818 380 2879 ego
395 2796 535 2859 nobilium
551 2796 729 2879 scriptorum
746 2796 865 2859 auditor
879 2804 910 2859 et
924 2797 1004 2860 ultor

238 2879 456 2944 Grammaticus
472 2882 583 2945 ambire
600 2883 695 2945 tribus
711 2888 742 2944 et
756 2882 871 2965 pulpita
885 2882 1010 2964 dignor:

236 2964 318 3029 Hinc
333 2967 401 3029 illae
417 2968 566 3030 lacrimae.
609 2967 754 3052 “Spissis
769 2968 894 3052 indigna
909 2969 1035 3032 theatris

238 3049 358 3135 Scripta
372 3052 466 3136 pudet
481 3053 609 3116 recitare
625 3061 656 3116 et
670 3054 760 3136 nugis
775 3054 887 3117 addere
903 3053 1051 3139 pondus,”

237 3135 272 3202 Si
286 3138 365 3200 diri:
389 3143 410 3174 “
422 3138 548 3216 Rides‚”
566 3139 619 3215 ait,
636 3144 656 3176 “
669 3149 700 3203 et
713 3139 800 3203 Jovis
815 3141 936 3204 auribus
951 3139 1009 3203 ista

144 3220 148 3229 '
237 3221 369 3300 Servas;
391 3223 459 3286 fidis
475 3225 552 3287 enim
567 3247 689 3288 manare
705 3226 824 3309 poiitica
837 3227 928 3289 mella

234 3308 279 3373 Te
294 3311 399 3388 solum,
415 3310 467 3372 tibi
483 3311 637 3394 pulcher.”
683 3311 735 3374 Ad
747 3312 822 3375 haec
839 3333 895 3394 ego
910 3310 1033 3376 naribus
1047 3310 1093 3375 uti
1240 3328 1277 3379 4⁸

234 3391 385 3474 Formido,
402 3404 433 3458 et
447 3397 589 3459 luctantis
604 3405 692 3460 acuto
708 3418 747 3460 ne
762 3418 848 3460 secer
863 3398 967 3480 ungui,

234 3479 414 3565 “Displicet
429 3482 484 3544 iste
500 3483 616 3561 locus‚”
634 3484 741 3562 clamo,
756 3489 777 3520 ‘⁶
788 3493 821 3546 et
834 3483 948 3546 diludia
962 3481 1085 3567 posco.”

234 3564 339 3631 Ludus
354 3567 432 3630 enim
448 3569 552 3651 genuit
567 3569 717 3652 trepidum
733 3577 885 3633 certamen
900 3568 1033 3646 stiram,

234 3649 287 3717 Ira
301 3660 402 3718 truces
416 3654 585 3719 inimicitias
600 3663 632 3720 et
646 3656 772 3719 funebre
787 3655 906 3718 bellum

562 4079 817 4147 EPISTOLA
852 4083 939 4149 XX.

232 4262 443 4328 meusuu
457 4262 479 4327 J
480 4284 641 4347 anumque,
656 4263 743 4344 liber,
758 4273 894 4348 spectare
910 4266 1032 4348 videris,

233 4347 357 4412 Scilicet
369 4357 405 4412 ut
419 4357 535 4434 prostes
552 4348 703 4413 Sosiorum
718 4351 834 4435 pumice
848 4353 987 4417 mundus.

233 4433 333 4498 Odisti
349 4437 448 4498 claves
463 4444 495 4499 et
510 4449 597 4520 grata
612 4436 710 4519 sigilla
724 4436 853 4521 pudico;

232 4519 343 4584 Paucis
357 4521 474 4585 ostendi
490 4523 584 4605 gemis
600 4530 632 4585 et
646 4523 815 4586 communia
828 4523 944 4604 laudas,

231 4604 303 4670 Non
317 4607 361 4669 ita
375 4609 515 4672 nutritus.
564 4608 648 4692 Fuge
664 4630 723 4692 quo
739 4609 921 4673 descendere
937 4608 1039 4694 gestis.
1261 4628 1278 4679 ⁵

231 4689 263 4755 N
265 4714 302 4756 on
317 4694 376 4756 erit
390 4694 496 4757 emisso
511 4695 626 4759 reditus
643 4696 704 4758 tihi.
750 4694 862 4769 “Quid
877 4697 966 4759 miser
980 4695 1054 4780 egil

232 4775 313 4852 Quid
328 4779 407 4843 volui
418 4777 431 4842 i
444 4779 463 4808 '’
481 4780 563 4846 dices
578 4781 629 4845 ubi
643 4782 711 4865 quis
725 4789 756 4845 te
772 4782 914 4858 laeserit;
936 4791 968 4846 ot
981 4783 1041 4847 sois

232 4861 271 4928 In
285 4865 377 4931 breve
391 4872 423 4931 te
438 4866 506 4950 cogi
520 4888 588 4932 eum
602 4866 709 4948 plenus
722 4869 849 4954 languet
862 4874 985 4950 amator.
