2900 6042
378 1337 462 1401 24
1244 1351 1593 1398 ommuni

545 1504 641 1570 At
661 1513 752 1583 tu,
781 1512 989 1585 nauta,
1019 1525 1212 1587 vagae
1241 1525 1319 1567 ne
1350 1523 1532 1587 parce
1562 1503 1861 1589 malignus
1890 1523 2111 1569 arenae

579 1624 590 1633 ·
636 1589 888 1670 Ossibus
918 1598 981 1654 et
1011 1590 1192 1674 capiti
1221 1589 1531 1653 inhumato
1786 1607 1789 1610 ’

548 1674 916 1740 Particulam
945 1676 1129 1738 dare:
1221 1675 1310 1737 sic
1364 1674 1765 1757 quodcunque
1788 1675 2111 1740 minabitur
2134 1675 2339 1741 Eurus
2394 1695 2453 1746 sse

630 1761 941 1824 Fluctibus
972 1760 1290 1844 Hesperiis
1338 1758 1690 1825 Venusinae

544 1845 901 1910 Plectantur
929 1847 1114 1909 silvae
1167 1853 1229 1908 te
1259 1844 1503 1928 sospite,
1531 1843 1840 1928 multaque
1871 1866 2104 1910 merces

628 1930 812 1995 Unde
844 1939 1042 2015 potest
1094 1931 1202 1993 tibi
1231 1930 1457 1993 defluat
1494 1949 1688 2012 aequo

545 2015 651 2080 Ab
678 2016 835 2081 Jove
888 2017 1297 2100 Neptunoque
1328 2015 1486 2078 sacri
1511 2014 1759 2077 custode
1789 2015 2057 2079 Tarenti.

628 2100 694 2166 N
697 2103 907 2185 egligis
935 2101 1246 2164 immeritis
1275 2100 1607 2163 nocituram
2394 2119 2455 2170 ac.

545 2186 868 2251 Postmodo
898 2195 959 2250 te
989 2187 1147 2249 natis
1176 2185 1450 2248 fraudem
1482 2184 1904 2250 committere?
1991 2184 2143 2250 Fors
2172 2192 2237 2251 et

629 2272 856 2336 Debita
872 2273 1016 2356 jura
1044 2272 1326 2354 vicesque
1359 2272 1657 2353 superbae

543 2355 632 2422 Te
661 2365 942 2420 maneant
969 2357 1202 2441 ipsum:
1253 2356 1530 2439 precibus
1558 2378 1678 2421 non
1706 2356 1946 2441 linquar
1972 2355 2200 2440 inultis,

630 2442 838 2527 Teque
870 2443 1108 2527 piacula
1135 2442 1301 2505 nulla
1334 2442 1657 2506 resolvent.

545 2523 922 2612 Quamquam
951 2528 1201 2592 festinas
1254 2549 1374 2592 non
1403 2534 1499 2591 est
1526 2549 1694 2593 mora
1720 2529 1945 2612 longa3
1986 2523 2195 2589 licebit
2392 2543 2456 2594 35

629 2612 864 2699 Injecto
892 2621 988 2678 ter
1015 2614 1265 2701 pulvere
1296 2633 1526 2677 curras.

994 3022 1456 3105 CARMEN
1512 3036 1834 3103 XXIX.

801 3377 969 3460 1001,
995 3379 1189 3444 beatis
1216 3401 1377 3444 nunc
1405 3378 1683 3443 Arabum
1707 3378 1939 3444 invides

805 3463 1008 3545 Gazis,
1038 3471 1102 3528 et
1129 3486 1331 3529 acrem
1358 3466 1629 3528 militiam
1659 3485 1837 3548 paras

886 3549 1030 3614 Non
1059 3557 1198 3614 ante
1229 3550 1481 3614 devictis
1518 3548 1791 3613 Sabaeae

972 3635 1267 3719 Regibus,
1295 3636 1681 3718 horribilique
1712 3634 1897 3698 Medo

797 3719 1014 3786 Noctis
1044 3721 1342 3785 catenas?
1435 3719 1605 3795 Quae
1635 3721 1742 3784 tibi
1770 3719 2090 3804 virginum,
2416 3737 2453 3789 5

804 3805 1037 3891 Sponso
1064 3815 1280 3870 necato
1332 3807 1591 3870 barbara
1619 3804 1888 3871 serviet?

880 3890 1046 3955 Puer
1077 3893 1210 3974 quis
1241 3914 1316 3955 ex
1345 3892 1485 3956 aula
1513 3893 1741 3976 capillis

967 3974 1075 4039 Ad
1104 3977 1390 4061 cyathum
1426 3984 1727 4040 statuetur
1761 3974 1981 4053 unctis,

801 4058 1036 4124 Doctus
1064 4062 1315 4144 sagittas
1345 4062 1596 4125 tendere
1631 4059 1869 4125 Sericas

797 4144 974 4209 Arcu
1004 4145 1302 4229 paterno?
1392 4145 1542 4220 Quis
1570 4152 1755 4229 neget
1782 4143 1986 4207 arduis
2393 4164 2450 4216 10

885 4230 1116 4295 Pronos
1147 4231 1334 4295 relabi
1363 4253 1535 4316 posse
1564 4231 1723 4294 rivos

972 4316 1281 4381 Montibus
1311 4324 1375 4380 et
1403 4316 1669 4380 Tiberim
1696 4313 1944 4394 reverti,

803 4398 961 4466 Cum
1007 4407 1074 4464 tu
1129 4406 1437 4489 coemptos
1468 4402 1736 4487 undique
1766 4399 1981 4466 nobilis

795 4486 1008 4574 Libros
1037 4487 1293 4551 Panaeti
1349 4486 1719 4552 Socraticam
1748 4494 1813 4551 et
1841 4486 2081 4551 domum

883 4571 1128 4637 Mutare
1159 4573 1356 4637 loricis
1383 4572 1637 4640 Hiberis
2390 4588 2451 4638 ιε

968 4657 1279 4723 Pollicitus
1306 4660 1555 4724 meliora
1604 4654 1851 4721 tendis?
