2900 6042
218 1331 283 1400 204
595 1358 599 1365 ·
618 1345 841 1397 maronianae

183 1504 193 1523 '
219 1500 281 1568 Sed
297 1501 406 1569 tacitus
421 1499 503 1585 pasci
518 1500 544 1566 si
558 1506 659 1585 posset
673 1521 782 1566 corvus
795 1500 923 1565 haberet

217 1588 290 1657 Plus
305 1588 390 1672 dapis
405 1597 436 1650 et
451 1587 533 1651 rixae
548 1588 641 1650 multo
655 1588 753 1651 minus
768 1586 968 1671 invidiaeque.

216 1673 411 1741 Brundisium
427 1693 526 1737 comes
541 1682 594 1736 aut
610 1671 789 1736 Surrentum
804 1673 914 1736 ductus
928 1693 1099 1754 amoenum,

216 1758 275 1837 Qui
290 1761 427 1842 queritur
441 1759 573 1822 salebras
589 1766 621 1821 et
640 1763 783 1822 acerbum
798 1759 894 1840 frigus
908 1767 941 1821 et
955 1759 1078 1838 imbres,

215 1846 283 1913 Aut
297 1846 402 1908 cistam
418 1845 570 1907 effractam
587 1850 619 1907 et
632 1845 782 1908 subducta
798 1844 906 1908 viatica
920 1846 1030 1929 plorat,

215 1929 248 1997 N
249 1939 300 1994 ota
313 1931 407 1993 refert
422 1931 588 1993 meretricis
603 1933 753 2009 acumina,
769 1951 862 2014 saepe
877 1932 1029 2013 catellam,

217 2014 316 2100 Saepe
332 2016 540 2100 periscelidem
555 2025 673 2099 raptam
688 2018 744 2080 sibi
758 2018 869 2095 flentis,
884 2018 929 2080 uti
942 2037 1013 2082 mox

215 2101 310 2166 Nulla
324 2102 399 2164 fides
415 2102 531 2164 damnis
547 2103 685 2186 verisque
701 2103 851 2166 doloribus
866 2103 955 2166 adsit

216 2186 283 2251 Nec
299 2188 391 2251 semel
407 2188 512 2250 irrisus
527 2188 622 2251 triviis
637 2190 776 2252 attollere
791 2198 880 2252 curat

214 2272 325 2336 Fracto
340 2294 427 2337 crure
444 2274 577 2357 planum,
592 2274 665 2339 licat
680 2276 724 2338 illi
740 2275 868 2358 plurima
880 2279 984 2338 manet

214 2356 365 2438 Lacrima,
380 2380 434 2443 per
449 2370 586 2423 sanctum
595 2361 717 2444 juratus
732 2361 814 2424 dicat
830 2359 959 2424 Osirim:

214 2448 235 2482 “
248 2444 371 2509 Credite
386 2467 445 2508 non
460 2446 550 2523 ludo;
574 2446 725 2526 crudeles,
741 2447 834 2510 tollite
850 2443 1025 2510 claudum.”

214 2532 235 2566 “
249 2528 369 2606 Quaere
384 2531 609 2615 peregrinum‚’'
625 2533 736 2597 vicinia
750 2553 843 2597 rauca
858 2533 1013 2596 reclamat·

505 2952 761 3021 EPISTOLA
797 2951 957 3018 XVI'II.

213 3140 251 3207 Sl
265 3142 342 3206 bene
358 3150 387 3208 te
402 3144 472 3207 novi
486 3149 613 3221 metues,
628 3141 779 3205 liberrimo
794 3139 882 3220 Lolli,

212 3224 386 3293 Scurrantis
400 3230 530 3314 speciem
547 3227 689 3312 praebere
705 3226 856 3311 professus
872 3226 1013 3290 amicum.

211 3311 258 3378 Ut
271 3323 407 3377 matrona
421 3315 571 3377 meretrici
587 3314 688 3396 dispar
703 3314 762 3375 erit
776 3322 867 3395 atque

210 3398 359 3479 Discolor,
374 3401 465 3465 infido
480 3421 602 3464 scurrae
618 3399 743 3462 distabit
761 3399 882 3461 amicus.

211 3483 352 3549 Esthuic
369 3487 519 3550 diversum
536 3486 607 3548 vitio
622 3486 728 3547 vitium
743 3506 835 3567 prope
853 3484 961 3568 majus,

209 3570 369 3654 Asperitas
384 3574 511 3656 agrestis
526 3585 558 3635 et
571 3572 750 3634 inconcinna
766 3570 938 3653 gravisque,

209 3655 295 3731 Quae
310 3679 343 3721 se
359 3660 547 3721 commendat
562 3666 647 3722 tonsa
662 3664 743 3731 cute,
760 3656 899 3718 dentibus
915 3657 1000 3736 atris,

209 3741 289 3806 Dum
306 3745 370 3807 vult
384 3744 506 3807 libertas
521 3745 580 3807 dici
596 3763 678 3806 mera
694 3764 824 3825 veraque
840 3744 945 3807 virtus.

185 3875 198 3897 .
208 3825 316 3891 Virtus
331 3838 378 3892 est
391 3831 521 3893 medium
538 3830 676 3893 vitiorum
690 3838 722 3892 et
737 3829 878 3911 utrinque
894 3829 1064 3896 reductum.

209 3912 299 3976 Alter
314 3914 345 3976 in
359 3915 533 3998 obsequium
548 3916 615 3999 plus
632 3936 728 3997 aequo
744 3937 855 3998 pronus
870 3923 902 3979 et
916 3916 968 3980 imi

208 3995 333 4061 Derisor
347 4000 419 4064 lecti
433 4002 476 4063 sio
491 4008 597 4063 nutum
612 4001 712 4063 divitis
728 3999 840 4071 horret,

210 4080 366 4148 siciano
381 4107 469 4148 vocas
484 4094 515 4149 et
530 4087 621 4149 verba
636 4087 776 4150 cadentia
790 4087 876 4163 tollit,

208 4167 253 4233 Ut
267 4191 394 4253 puerum
408 4192 499 4235 saevo
514 4172 619 4235 credas
634 4172 749 4235 dictata
763 4173 905 4254 magistro

209 4253 350 4319 Reddere
367 4257 414 4319 vel
430 4267 531 4340 partes
546 4259 667 4320 mimum
683 4266 815 4320 tractare
830 4258 987 4322 secundas.

206 4339 298 4404 Alter
313 4343 428 4405 rixatur
443 4343 480 4405 de
496 4344 565 4406 lana
579 4365 668 4428 saepe
685 4344 819 4426 caprina,

207 4424 383 4510 Propugnat
397 4429 484 4511 nugis
500 4437 649 4493 armatus:
674 4434 694 4465 ‘⁶
708 4428 832 4492 Scilicet
846 4437 954 4492 utnon

208 4509 255 4576 Sit
269 4514 342 4576 mihi
358 4515 452 4597 prima
467 4515 552 4590 fides,
568 4521 599 4577 et
614 4536 684 4579 vere
700 4515 780 4599 quod
795 4517 896 4600 placet
909 4524 944 4578 ut
958 4537 1018 4578 non

204 4598 330 4663 Acriter
345 4602 489 4666 elatroml
536 4600 670 4664 Pretium
686 4610 771 4665 aetas
786 4604 882 4666 altera
896 4600 1032 4665 sordet.”

204 4683 379 4768 Ambigitur
394 4687 466 4770 qnid
482 4685 586 4750 enim?
632 4686 741 4751 Castor
754 4689 834 4753 sciat
848 4709 887 4752 an
901 4687 1045 4755 Dolichos
1059 4690 1150 4775 p1m3

204 4767 400 4835 Brundisium
414 4772 530 4837 Minuci
544 4775 651 4837 melius
666 4774 715 4837 ria
730 4774 822 4839 ducat
837 4796 875 4839 an
890 4775 984 4860 Appi.
1125 4778 1131 4788 '
1214 4794 1249 4853 a)

205 4852 303 4931 Quem
317 4857 461 4922 damnosa
475 4858 593 4939 Venae,
608 4880 699 4945 quem
713 4880 860 4946 praeceps
874 4862 942 4926 alea
954 4860 1064 4944 nuda,
