2900 6042
359 1411 496 1492 Interim,
511 1411 582 1474 dum
598 1418 632 1474 tu
647 1412 761 1475 celeres
775 1411 902 1495 sagittas

358 1497 485 1577 Promis,
496 1498 572 1561 haec
588 1498 694 1561 dentes
709 1499 791 1560 acuit
806 1497 966 1579 timendos,

362 1583 488 1648 Arbiter
502 1604 621 1667 pugnae
636 1583 770 1667 posuisse
785 1583 866 1647 nudo

533 1668 597 1732 Sub
612 1671 689 1752 pede
706 1671 834 1752 palmam

360 1753 483 1832 Fertur,
499 1754 534 1817 et
544 1755 605 1817 leni
620 1776 758 1818 recreare
774 1761 864 1818 vento

362 1838 506 1923 Sparsum
521 1841 651 1904 odoratis
665 1843 822 1904 humerum
838 1840 965 1925 capillis,

362 1923 465 1999 Qualis
480 1933 533 1990 aut
548 1925 662 1989 Nireus
676 1927 734 1989 fuit
758 1932 812 1989 aut
826 1946 942 2010 aquosa

530 2011 649 2096 Raptus
663 2012 701 2075 ab
717 2011 784 2076 Ida.

515 2434 744 2503 uARMuN
771 2435 898 2503 XXI.

363 2779 391 2847 0
406 2799 493 2845 naus
506 2801 624 2845 mecum
639 2779 760 2844 consule
775 2777 901 2862 Manlio,

365 2866 427 2932 Seu
443 2874 477 2931 tu
490 2868 629 2950 querelas
655 2865 717 2929 sive
734 2867 814 2950 geris
822 2867 907 2950 jocos

407 2951 469 3016 Seu
483 2953 578 3014 rixam
590 2959 621 3014 et
634 2951 754 3015 insanos
769 2972 884 3016 amores

450 3035 512 3100 Seu
527 3037 655 3116 facilem,
670 3038 720 3121 pia
746 3044 836 3115 testa,
851 3057 1001 3117 somnum,

365 3122 551 3207 Quocunque
566 3124 678 3186 lectum
693 3124 811 3187 nomine
826 3122 992 3190 Massicum

365 3209 486 3290 Servus,
500 3210 612 3273 moveri
628 3210 720 3293 digna
733 3209 809 3273 bono
825 3209 885 3291 die,

318 3319 321 3324 ·
406 3295 577 3376 Descende,
594 3295 722 3360 Corvino
732 3296 859 3380 jubente

447 3380 590 3447 Promere
604 3381 793 3465 languidiora
806 3381 887 3445 rina.

361 3466 434 3533 Non
447 3468 508 3547 ille,
524 3489 705 3553 quamquam
721 3465 883 3531 Socraticis
896 3465 1001 3532 madet

365 3552 569 3635 Sermonibus,
584 3561 614 3618 te
629 3554 771 3637 negleget
778 3552 917 3617 horridus
930 3573 939 3615 ι

406 3638 559 3705 Narratur
573 3648 605 3703 et
619 3640 709 3723 prisci
724 3639 847 3703 Catonis
892 3664 895 3670 ·

452 3724 549 3809 Saepe
565 3747 646 3789 mero
662 3725 788 3789 caluisse
803 3724 910 3790 virtus.

363 3810 411 3874 Tu
424 3811 492 3873 lene
506 3818 687 3874 tormentum
701 3810 822 3894 ingenio
836 3810 978 3875 admoves

364 3894 547 3975 Plerumque
562 3895 659 3970 dur03
683 3902 717 3956 tu
731 3895 910 3977 sapientium

410 3979 507 4043 Ouras
522 3986 554 4041 et
568 3999 711 4041 arcanum
721 3980 825 4062 jocoso

453 4062 615 4127 Consilium
630 4064 743 4145 retegis
757 4063 859 4148 Lyaeo
873 4085 881 4142 ;

367 4149 414 4213 Tu
428 4169 513 4233 spem
526 4149 647 4212 reducis
660 4150 809 4214 mentibus
824 4151 918 4216 anxiis

365 4235 528 4319 viresque,
544 4243 576 4299 et
591 4236 677 4299 addis
692 4257 804 4302 cornua
818 4237 955 4321 pauperi,

410 4322 485 4386 Post
499 4329 529 4386 te
543 4343 642 4406 neque
657 4322 749 4386 iratos
763 4323 904 4387 trementi

452 4409 571 4492 Regum
587 4410 687 4492 apices
712 4431 811 4493 neque
826 4410 952 4473 militum
967 4428 1061 4473 armat

368 4494 412 4561 Te
427 4495 519 4559 Liber
546 4503 588 4575 et,
600 4497 625 4559 si
639 4497 721 4559 laeta
736 4497 844 4573 aderit,
858 4494 967 4559 Venus

370 4578 546 4666 Segnesque
561 4582 672 4646 nodum
685 4584 801 4645 solvere
819 4580 943 4646 Gratiae

412 4666 569 4753 Vivaequa
585 4668 752 4752 producent
765 4670 919 4745 lucernae,

454 4751 535 4819 Dum
549 4753 669 4819 rediens
682 4753 771 4839 sugat
785 4761 867 4818 astra
881 4751 1032 4817 Phoebus.
1159 4788 1162 4793 <
