2900 6042
1037 1425 1169 1472 m.
1214 1424 1310 1471 IV.
1357 1424 1555 1471 cum.
1604 1424 1670 1470 V.

820 1577 1115 1644 Defendit
1165 1583 1230 1641 et
1257 1597 1440 1641 curae
1469 1596 1721 1660 sagaces

910 1662 1258 1750 Expediunt
1283 1684 1395 1749 per
1422 1669 1604 1727 acuta
1624 1662 1786 1726 belli.

1043 2088 1513 2156 CARMEN
1566 2088 1654 2157 V.

647 2431 850 2497 DIVIS
877 2437 1009 2495 orte
1035 2429 1230 2510 bonis,
1257 2429 1477 2514 optime
1506 2429 1799 2494 Romulae

648 2515 867 2581 Custos
896 2516 1115 2599 gentis,
1143 2516 1288 2578 abes
1312 2516 1443 2599 jam
1471 2514 1716 2578 nimium
1744 2515 1849 2578 diu
1875 2534 1895 2594 3

648 2600 962 2666 Maturum
989 2599 1250 2663 reditum
1276 2600 1576 2683 pollicitus
1602 2605 1841 2684 patrum

910 2683 1133 2748 Sancto
1164 2684 1414 2748 concilio
1463 2683 1617 2748 redi.

651 2769 883 2835 Lucem
909 2768 1099 2833 redde
1128 2775 1295 2852 tuae,
1324 2767 1448 2832 dux
1474 2769 1653 2848 bone,
1674 2768 1948 2852 patriae:

650 2854 857 2921 Instar
883 2854 1042 2918 veris
1070 2854 1230 2918 enim
1258 2855 1460 2918 vultus
1485 2853 1589 2917 ubi
1617 2859 1759 2920 tuus

648 2939 898 3005 Affulsit
1001 2939 1164 3023 pulo,
1193 2939 1423 3022 gratior
1446 2939 1500 3002 it
1526 2938 1657 3003 dies

965 3031 991 3087 t
1017 3025 1171 3088 soles
1197 3024 1409 3088 melius
1437 3024 1653 3087 nitent.

648 3107 743 3174 Ut
767 3115 963 3174 mater
980 3109 1290 3194 juvenem,
1320 3129 1501 3193 quem
1529 3108 1728 3173 Notus
1757 3105 1961 3175 invido

649 3193 833 3258 Flatu
862 3194 1171 3279 Carpathii
1199 3201 1366 3258 trans
1395 3194 1577 3258 maris
1605 3211 1870 3278 aequora

650 3277 1050 3344 Cunctantem
1080 3281 1270 3364 spatio
1296 3280 1533 3363 longius
1562 3299 1761 3344 annuo

906 3363 1089 3428 Dulci
1117 3364 1364 3428 distinet
1392 3386 1430 3428 a
1458 3363 1656 3444 domo,

649 3446 829 3514 Votis
855 3448 1263 3533 ominibusque
1294 3457 1358 3512 et
1385 3449 1663 3533 precibus
1691 3453 1892 3530 vocat,

652 3531 854 3598 Curvo
881 3553 995 3598 nec
1023 3534 1241 3597 faciem
1267 3533 1442 3597 litore
1474 3532 1752 3597 demovet
1776 3552 1796 3600 z

653 3616 757 3683 Sic
788 3617 1098 3682 desideriis
1125 3619 1249 3681 icta
1273 3617 1551 3681 fidelibus

908 3700 1162 3775 Quaerit
1189 3701 1387 3786 patria
1414 3701 1763 3766 Caesarem.

651 3787 846 3852 Tutus
871 3787 980 3850 bos
1008 3785 1231 3850 etenim
1255 3807 1403 3851 rura
1421 3785 1820 3870 perambulat,

652 3871 869 3937 Nutrit
893 3891 1040 3935 rura
1068 3869 1254 3934 Ceres
1282 3871 1558 3954 almaque
1586 3868 1915 3950 Faustitas,

653 3956 950 4021 Pacatum
978 3955 1229 4020 volitant
1254 3976 1366 4040 per
1391 3976 1558 4019 mare
1586 3955 1854 4035 navitae,

912 4038 1160 4124 Culpari
1182 4041 1400 4105 metuit
1426 4040 1635 4123 Fides,

654 4124 856 4191 Nullis
883 4125 1167 4211 polluitur
1194 4134 1364 4190 casta
1392 4125 1602 4190 domus
1629 4124 1875 4210 stupris,

652 4210 791 4275 Mos
819 4216 883 4274 et
908 4212 1008 4275 lex
1034 4212 1402 4275 maculosum
1430 4211 1699 4275 edomuit
1722 4210 1917 4290 nefas,

653 4295 1008 4361 Laudantur
1035 4296 1210 4360 simili
1237 4297 1403 4380 prole
1434 4317 1793 4380 puerperae,

910 4380 1163 4465 Culpam
1190 4402 1383 4465 poena
1410 4383 1630 4465 premit
1657 4398 1877 4445 comes,

654 4463 804 4538 Quis
833 4464 1128 4528 Parthum
1154 4472 1396 4548 paveat,
1456 4467 1589 4549 quis
1618 4463 1882 4548 gelidum
1914 4459 2209 4550 Scythen,

655 4548 806 4624 Quis
837 4547 1161 4613 Germania
1230 4569 1338 4612 uos
1365 4549 1610 4612 horrida
1638 4548 1899 4632 parturit

652 4633 866 4715 Fetus,
895 4634 1176 4698 incolumi
1260 4632 1522 4697 aesare'?
1566 4634 1703 4716 quis
1731 4633 1899 4698 ferae

909 4717 1150 4782 Bellum
1180 4723 1355 4783 curet
1380 4715 1725 4781 Hiberiae?

657 4803 879 4890 Condit
906 4803 1038 4888 quis
1079 4823 1156 4867 ue
1186 4802 1345 4867 diem
1374 4803 1622 4867 collibus
1650 4801 1713 4865 in
1741 4801 1880 4882 suis⁸

657 4888 743 4954 Et
766 4890 950 4955 vitem
976 4889 1040 4955 vi
1081 4909 1189 5036 gas
1217 4888 1387 4954 ducit
1404 4887 1493 4952 'ad
1522 4887 1809 4964 arbores3

2322 3211 2385 3262 10
