2900 6042
621 1338 795 1385 channam

358 1492 486 1571 Parere,
500 1491 608 1554 mirum
622 1491 702 1574 quod
717 1491 796 1555 foret
810 1492 956 1572 omnibus,

359 1577 537 1661 Quicunque
554 1579 651 1640 celsae
667 1576 770 1639 nidum
785 1578 989 1642 Acherontiae

402 1663 562 1746 Saltusque
579 1663 723 1724 Bantinos
750 1670 781 1724 et
796 1685 901 1725 arvum

444 1748 561 1830 Pingue
577 1755 681 1811 teuent
695 1748 813 1811 humilis
829 1749 965 1829 Forenti,

360 1835 403 1900 Ut
418 1840 482 1897 tuto
497 1835 534 1898 ab
550 1835 622 1897 atris
637 1854 760 1916 corpore
776 1835 886 1918 viperis

356 1921 525 1986 Dormirem
540 1926 571 1982 et
585 1919 674 1998 ursis,
685 1926 719 1981 ut
731 1940 884 2002 premerer
898 1940 987 1986 sacra

399 2006 558 2088 Lauroque
574 2006 741 2087 collataque
757 2013 866 2089 myrto,

442 2091 473 2153 N
475 2112 513 2153 on
528 2091 591 2152 sine
607 2091 652 2153 dis
664 2092 812 2154 animosus
826 2091 934 2155 infans·

356 2177 480 2255 Vester,
496 2174 657 2254 Camenae,
673 2184 773 2239 vester
787 2177 819 2239 in
833 2176 943 2241 arduos

356 2264 456 2328 Tollor
472 2259 608 2340 Sabinos,
623 2282 676 2324 seu
691 2263 763 2324 mihi
777 2262 919 2344 frigidum

398 2348 562 2412 Praeneste
589 2368 644 2410 seu
658 2347 752 2411 lihur
765 2349 904 2431 supinum

442 2432 504 2499 Seu
518 2433 648 2517 liquidae
664 2434 805 2516 placuere
820 2433 925 2497 Baiae.

356 2519 476 2586 Vestris
492 2521 618 2589 arricum
630 2519 761 2582 fontibus
776 2525 808 2582 et
822 2520 920 2583 choris

354 2606 425 2671 Non
441 2628 488 2670 me
504 2606 650 2689 Philippis
665 2626 753 2668 versa
767 2605 848 2668 acies
862 2612 955 2685 retro,

398 2692 517 2756 Devota
531 2713 589 2754 nou
605 2691 747 2753 exstinxit
762 2691 860 2770 arbos,

440 2777 508 2840 Nec
526 2776 628 2839 Sicula
643 2775 804 2838 Palinurus
819 2776 910 2840 unda.

356 2861 519 2944 Utcunque
534 2882 651 2924 mecum
667 2882 719 2923 vos
734 2863 827 2941 eritis,
842 2863 938 2926 libens

354 2948 556 3012 insanientem
572 2947 673 3010 navita
688 2946 853 3029 Bosporum

403 3033 537 3096 Tentabo
564 3040 595 3094 et
609 3039 730 3094 urentes
746 3053 852 3095 arenas

440 3118 549 3181 Litoris
563 3118 682 3200 Assyrii
694 3117 811 3194 viator3

355 3203 462 3268 Visam
477 3203 638 3267 Britannos
652 3203 817 3287 hospitibus
831 3204 910 3267 feros

355 3288 398 3354 Bt
411 3292 524 3352 laetum
539 3290 647 3372 equino
662 3290 807 3372 sanguiue
824 3289 1007 3370 Concanum,

399 3374 505 3440 Visam
520 3377 707 3460 pharetratos
723 3376 853 3439 Gelonos

438 3460 480 3524 Et
496 3460 670 3548 Scythicum
685 3462 843 3525 inviolatus
857 3480 985 3523 amnem.

355 3547 420 3612 Vos
436 3547 595 3612 Caesarem
611 3550 715 3627 altum,
730 3548 836 3610 militia
850 3546 937 3610 simul

353 3633 463 3698 Fessas
478 3636 613 3699 cohortes
629 3634 745 3699 addidit
759 3633 886 3717 oppidis,

395 3718 496 3784 Finire
512 3729 705 3804 quaerentem
720 3719 836 3782 labores

440 3805 540 3868 Pierio
556 3809 698 3870 recreatis
713 3811 809 3868 antro.

355 3889 420 3953 Vos
433 3890 501 3951 lene
517 3891 670 3952 eonsilium
685 3897 717 3952 et
731 3890 809 3951 datis
824 3895 856 3952 et
870 3889 940 3953 dato

355 3972 503 4037 Gaudetis
529 3974 635 4035 almae.
682 3972 810 4052 Scimus,
825 3981 860 4035 ut
873 3974 978 4058 impios

396 4057 519 4121 Titanas
533 4057 751 4139 immanemque
766 4062 895 4119 turmam

439 4141 576 4204 Fulmina
591 4142 746 4203 sustulerit
760 4140 885 4219 caduco,

355 4226 414 4303 Qui
429 4238 539 4290 terram
555 4225 693 4305 inertem,
708 4225 856 4311 qui-mare
872 4234 1020 4310 temperat

354 4314 534 4392 Ventosum,
557 4318 588 4376 et
613 4312 704 4376 urbes
729 4333 881 4396 regnaque
897 4313 1005 4394 tristia,

396 4400 548 4484 Divosque
575 4401 775 4483 mortalesque
792 4399 895 4463 turbas

438 4486 568 4571 Imperio
583 4486 754 4569 regitanus
769 4508 874 4570 aequo.

352 4572 499 4656 Magnum
513 4574 565 4636 illa
581 4580 724 4636 terrorem
740 4574 882 4635 intulerat
892 4571 915 4634 J
916 4571 964 4635 ovi

353 4657 464 4722 Fidens
474 4660 618 4743 juventus
632 4660 753 4722 horrida
766 4658 907 4737 brachiis,

395 4744 577 4829 Fratresque
595 4745 752 4810 tendentes
767 4765 860 4829 opaco

438 4828 543 4899 Pelion
557 4831 732 4915 imposuisse
749 4830 887 4916 Olympo.
