2900 6042
1151 1491 1279 1538 LIB.
1327 1492 1375 1538 1.
1425 1491 1561 1537 SAT.
1613 1492 1705 1539 VI.

398 1639 530 1722 (Ut
561 1664 656 1706 me
689 1642 1066 1725 collaudem)
1093 1646 1143 1708 si
1177 1652 1239 1708 ot
1266 1646 1399 1709 vivo
1430 1667 1607 1708 carus
1638 1645 1882 1723 amicis3

396 1728 595 1793 Causa
622 1731 739 1794 fuit
770 1739 940 1814 pater
969 1731 1081 1807 his,
1112 1731 1214 1814 qui
1244 1753 1443 1794 macro
1473 1753 1703 1814 pauper
1731 1733 1925 1814 agello

395 1814 605 1878 Noluit
635 1817 695 1879 in
727 1817 894 1879 Flavi
924 1817 1130 1879 ludum
1164 1839 1257 1880 me
1290 1818 1549 1893 mittere,
1582 1819 1783 1900 magni

395 1899 526 1973 Quo
558 1903 724 1986 pueri
756 1903 985 1985 maguis
1016 1924 1048 1964 e
1082 1904 1523 1966 centurionibus
1554 1903 1690 1982 orti,

395 1986 594 2050 Laevo
624 1990 894 2071 suspensi
923 1989 1145 2051 loculos
1176 1989 1557 2071 tabulamque
1589 1988 1835 2068 lacerto,

393 2072 570 2136 Ibant
603 2074 827 2136 octonis
858 2075 1189 2136 referentes
1221 2073 1432 2137 Idibus
1464 2094 1606 2135 aera
1632 2091 1648 2148 ;
1829 2092 1838 2099 ·

396 2156 517 2219 Sed
551 2181 797 2240 puerum
831 2167 923 2222 est
953 2180 1133 2222 ausus
1164 2160 1413 2222 Romam
1445 2167 1683 2243 portare
1716 2159 2050 2224 docendum

397 2245 578 2305 Artes
631 2266 779 2325 quas
812 2245 1025 2308 doceat
1053 2245 1245 2327 quivis
1278 2267 1464 2328 eques
1489 2252 1671 2329 atque
1712 2253 1954 2309 senator

395 2328 601 2391 Semet
630 2339 969 2412 prognatos.
1061 2331 1313 2394 Vestem
1344 2352 1666 2414 servosque
1696 2338 2040 2414 sequentes,

392 2414 467 2476 In
497 2437 711 2497 magno
744 2424 810 2477 ut
839 2417 1076 2499 popu10‚
1107 2417 1156 2479 si
1187 2417 1319 2499 quis
1350 2417 1617 2492 vidisset,
1647 2417 1809 2480 avita

393 2500 489 2562 Ex
519 2522 584 2563 re
620 2502 891 2583 praeberi
920 2510 1192 2584 sumptus
1222 2500 1363 2563 mihi
1393 2501 1672 2564 crederet
1698 2501 1851 2565 illos.

392 2585 531 2668 Ipse
562 2587 704 2648 mihi
734 2594 932 2649 custos
961 2587 1503 2669 incorruptissimus
1533 2607 1737 2650 omnes

393 2669 634 2734 Circum
666 2672 938 2736 doctores
969 2673 1200 2735 aderat.
1262 2670 1424 2744 Quid
1454 2669 1688 2734 multa?
1778 2671 2095 2751 Pudicam,

392 2756 509 2830 Qui
541 2758 765 2841 primus
794 2758 1030 2820 virtutis
1061 2757 1265 2838 honos,
1297 2757 1565 2820 servavit
1594 2756 1670 2821 ab
1702 2757 1863 2821 omni

393 2842 533 2905 Non
562 2844 753 2905 solum
779 2844 939 2906 facto
965 2864 1171 2906 verum
1201 2842 1513 2925 opprobrio
1543 2864 1779 2926 quoque
1812 2842 2011 2928 turpi3

390 2927 457 2989 N
459 2948 528 2990 ec
558 2928 758 2991 timuit
808 2929 918 2991 sibi
948 2950 1024 2991 ne
1054 2929 1198 2992 vitio
1227 2928 1358 3011 quis
1389 2934 1658 2992 verteret
1707 2928 1846 2991 olim

394 3011 461 3076 Si
490 3033 708 3097 praeco
737 3035 953 3098 parvas
981 3021 1109 3094 aut,
1139 3020 1208 3077 ut
1234 3015 1351 3077 fuit
1380 3015 1532 3099 ipse,
1563 3021 1804 3078 coactor

2402 2097 2465 2146 ⁷5

2398 2949 2463 2999 85

346 3121 363 3135 ·
388 3098 710 3161 Mercedes
734 3120 1063 3182 sequerer3
1108 3120 1304 3182 neque
1337 3121 1451 3183 ego
1481 3120 1675 3163 essem
1708 3106 1992 3184 questus:
2039 3105 2105 3164 at
2145 3099 2257 3164 hoc
2298 3120 2459 3164 nunc

389 3183 550 3248 Laus
578 3184 665 3246 illi
694 3183 947 3249 debetur
979 3192 1042 3249 et
1071 3205 1108 3249 a
1135 3207 1230 3249 me
1261 3187 1460 3268 gratia
1486 3186 1691 3270 major.
1785 3240 1792 3245 .

390 3269 452 3331 N
455 3269 497 3331 il
525 3291 620 3332 me
650 3271 955 3352 poeniteat
981 3291 1191 3335 sanum
1220 3272 1406 3354 patris
1434 3271 1635 3356 hujus,
1692 3290 1885 3354 eoque

388 3353 553 3433 Non,
582 3362 653 3418 ut
680 3376 901 3438 magna
928 3356 1062 3419 dolo
1090 3357 1317 3420 factum
1342 3364 1528 3439 negat
1556 3377 1689 3420 esse
1719 3377 1827 3420 suo
1863 3376 2002 3441 pars

390 3438 566 3512 Quod
594 3463 712 3503 non
741 3441 1031 3524 ingenuos
1057 3442 1279 3506 habeat
1308 3443 1617 3525 clarosque
1646 3449 1949 3526 parentes,

392 3524 495 3589 Sic
525 3546 619 3589 me
651 3526 989 3590 defendam.
1082 3527 1286 3610 Longe
1318 3549 1455 3591 mea
1482 3529 1783 3611 discrepat
1817 3527 1952 3590 istis'

390 3611 475 3674 Et
503 3633 617 3675 vox
647 3618 710 3674 et
737 3613 923 3675 ratio:
971 3635 1109 3676 nam
1132 3614 1182 3676 si
1212 3623 1428 3676 natura
1446 3613 1693 3697 juberet

388 3697 451 3760 A
482 3697 663 3760 certis
693 3698 862 3761 annis
893 3719 1106 3761 aevum
1139 3720 1405 3761 remeare
1435 3703 1748 3781 peractum

387 3782 597 3866 Atque
628 3783 772 3847 alios
800 3785 1005 3865 legere
1037 3783 1114 3847 ad
1143 3784 1364 3847 fastum
1394 3802 1782 3866 quoscunque
1828 3788 2111 3866 parentes

391 3865 649 3951 Optaret
676 3869 788 3931 sibi
817 3869 1092 3951 quisque,
1121 3868 1269 3932 meis
1299 3875 1615 3931 contentus
1643 3867 1918 3930 honestos

388 3954 678 4017 Fascibus
709 3962 772 4017 et
799 3955 958 4017 sellis
986 3955 1202 4017 nollem
1234 3953 1376 4016 mihi
1405 3973 1667 4030 sumere,
1697 3951 1942 4016 demens

386 4040 430 4103 J
434 4040 632 4102 udicio
663 4039 849 4122 volgi,
879 4059 1060 4102 sanus
1091 4040 1342 4103 fortasse
1373 4047 1499 4116 tu0‚
1530 4037 1691 4121 quod

390 4125 629 4189 Nollem
659 4145 808 4187 onus
835 4124 999 4188 haud
1028 4146 1292 4208 unquam
1321 4125 1528 4188 solitus
1558 4130 1798 4208 portare
1827 4124 2161 4187 molestum.

388 4210 551 4273 Nam
581 4210 724 4273 mihi
755 4211 1033 4274 continuo
1061 4212 1249 4295 major
1278 4210 1625 4294 quaerenda
1663 4210 1821 4273 foret
1848 4229 1946 4273 res

391 4297 597 4379 Atque
629 4296 926 4359 salutandi
957 4297 1180 4380 plures,
1213 4297 1522 4360 ducendus
1554 4305 1617 4359 et
1646 4317 1799 4359 unus

393 4382 475 4444 Et
504 4403 700 4445 comes
730 4383 886 4445 alter
937 4383 1025 4445 uti
1054 4405 1130 4445 ne
1163 4384 1320 4445 solus
1350 4403 1527 4445 rusve
1560 4401 1888 4464 peregreve

391 4468 664 4548 Exirem;
690 4469 888 4550 plures
920 4469 1160 4531 calones
1190 4475 1371 4551 atque
1403 4468 1617 4531 caballi

391 4551 710 4630 Pascendi,
741 4552 1020 4618 ducenda
1050 4555 1355 4636 petorrita.
1446 4553 1629 4615 Nunc
1658 4552 1802 4615 mihi
1844 4557 2015 4615 curto

392 4637 492 4700 Ire
523 4638 667 4701 licet
695 4640 853 4701 mulo
885 4640 980 4702 vel
1031 4640 1082 4702 si
1110 4641 1255 4702 libet
1308 4659 1498 4722 usque
1530 4638 1882 4716 Tarentum,

390 4723 665 4787 Mantica
691 4725 790 4788 cui
817 4724 1048 4788 lumbos
1078 4746 1258 4788 onere
1290 4726 1522 4787 ulceret
1554 4731 1736 4807 atque
1777 4743 1961 4806 eques
1991 4740 2229 4786 armos:

394 4808 656 4895 Objiciet
682 4831 856 4873 nemo
886 4810 1092 4874 sordes
1121 4810 1264 4873 mihi
1318 4831 1469 4893 quas
1499 4809 1629 4888 tibi,
1660 4809 1819 4888 Tilli,
2221 4812 2230 4821 ‘

392 4894 546 4960 Cum
576 4895 824 4960 Tiburte
856 4896 952 4959 via
982 4904 1316 4980 praetorem
1348 4896 1612 4980 quinque
1644 4901 1980 4977 sequuntur

390 4981 478 5046 Te
508 4981 683 5067 pueri
732 4983 1003 5047 lasanum
1033 4989 1344 5067 portantes
1369 4982 1912 5066 oenophorumque.

2397 3375 2461 3425 90

2396 3530 2442 3577 C

2396 3800 2461 3851 95

2370 4225 2466 4277 100

2376 4655 2468 4706 105
