2900 6042
1174 1482 1187 1493 ⁸
1311 1511 1661 1558 nmmum

1071 1833 1530 1901 CARMEN
1583 1778 1906 1899 XX‘isI.

870 2177 1083 2242 Musts
1115 2175 1340 2239 amicus
1374 2176 1674 2239 trist-itiam
1705 2183 1768 2239 et
1796 2181 1992 2239 metus

872 2263 1135 2328 Tradam
1160 2262 1455 2345 protervis
1484 2262 1545 2324 iu
1573 2283 1739 2325 mare
1772 2261 2080 2325 Creticum

957 2346 1212 2411 Portare
1244 2347 1461 2426 vende,
1491 2348 1625 2431 quis
1655 2347 1767 2410 sub
1793 2348 1985 2410 Arcto

1043 2433 1180 2495 Rex
1209 2432 1443 2514 gelidae
1475 2440 1780 2496 metuatur
1807 2453 1973 2511 orae,

872 2517 1035 2592 Quid
1080 2516 1392 2581 Tiridaten
1422 2525 1650 2581 terreat
1701 2518 1877 2580 unice

873 2602 1158 2668 Securus.
1252 2601 1331 2683 O,
1361 2625 1516 2686 quae
1547 2603 1809 2666 fontibus
1841 2602 2093 2686 integris

957 2686 1228 2770 Gaudes,
1259 2689 1491 2772 apricos
1520 2696 1694 2752 necte
1723 2689 1923 2768 flores,

1037 2773 1237 2838 Necte
1265 2795 1399 2838 meo
1430 2774 1674 2837 Lamiae
1706 2793 2008 2851 coronam,

869 2857 1145 2942 Pimplea
1173 2858 1402 2924 dulcis!
1493 2859 1601 2921 Nil
1630 2860 1758 2921 sine
1790 2866 1851 2923 te
1881 2858 2000 2920 mei

868 2881 1132 3007 Prosunt
1159 2946 1456 3009 honores:
1500 2944 1660 3006 hunc
1690 2943 1909 3006 fidibus
1937 2941 2128 3022 novis,

954 3028 1141 3092 Hunc
1171 3029 1388 3093 Lesbio
1417 3049 1658 3092 sacrare
1689 3029 1918 3112 plectro

1042 3114 1250 3199 Teque
1280 3123 1536 3198 tuasque
1568 3114 1746 3178 decet
1774 3132 2029 3178 sorores.

1046 3538 1499 3607 GARMEN
1558 3539 1930 3605 XXVII.

775 3883 988 3948 NA'ns
1017 3883 1081 3948 in
1108 3904 1283 3947 usum
1311 3882 1579 3948 laetitiae
1610 3883 1852 3967 scyphis

778 3968 1063 4053 Pugnare
1093 3969 1392 4033 Thracum
1423 3977 1551 4033 est:
1600 3970 1790 4032 tollite
1819 3969 2143 4033 barbarum
2215 3962 2226 3973 ”

822 4112 843 4131 ,
867 4055 1125 4132 Morem,
1153 4056 1679 4136 verecundumque
1710 4054 2021 4119 Bacchum

958 4137 1316 4220 Sanguineis
1348 4139 1656 4222 prohibete
1688 4140 1875 4203 rixis.
1858 4137 1871 4184 ἵ

780 4222 944 4286 ‘Vino
974 4230 1038 4286 et
1065 4224 1327 4285 lucernis
1357 4223 1580 4285 Medus
1606 4223 1881 4286 acinaces

782 4307 1055 4372 Immane
1085 4315 1375 4390 quantum
1406 4307 1748 4390 discrepat:
1795 4308 2043 4394 impium

869 4392 1084 4456 Lenite
1123 4394 1465 4472 clamorem,
1496 4393 1751 4472 sodale8‚

956 4478 1039 4541 Et
1068 4478 1267 4541 cubito
1297 4484 1603 4541 remanete
1635 4475 1882 4563 presso!

782 4563 989 4628 Voltis
1018 4565 1212 4628 severi
1241 4586 1337 4628 me
1369 4564 1607 4648 quoque
1639 4585 1873 4627 sumere

783 4649 1031 4714 Partem
1061 4650 1351 4713 Falerni?
1375 4651 1562 4718 Dicat
1594 4649 1647 4714 Ο
1653 4651 1947 4743 puntian

865 4735 1085 4800 Frater
1115 4736 1400 4827 Megillae
1456 4759 1574 4820 quo
1602 4737 1815 4800 beatus

948 4820 1243 4902 Volnere‚
1275 4844 1396 4906 qua
1424 4829 1637 4906 pereat
1663 4822 1906 4904 sagitta.

782 4903 997 4970 Cessat
1024 4908 1342 4972 voluntaS.
1322 4908 1349 4954 ‘²
1438 4908 1504 4971 N
1506 4929 1583 4970 on
1614 4908 1732 4971 alia
1759 4907 1957 4970 bibam

781 4989 1093 5056 Mercede.
1186 4991 1356 5066 Quae
1388 5000 1449 5056 te
1482 5013 1717 5076 cunque
1750 4992 1953 5056 domat
1981 4990 2197 5058 Venus

2460 2958 2523 3010 10

2463 4671 2519 4721 1⁰
