2900 6042
1185 1501 1312 1549 mn.
1361 1500 1409 1547 1.
1459 1500 1657 1546 cm.
1704 1499 1802 1547 Π.
2512 1480 2553 1547 5

898 1654 1204 1738 Expertus
1234 1674 1489 1716 vacuum
1518 1652 1829 1717 Daedalus
1856 1653 2002 1717 aera

982 1738 1208 1803 Pennis
1238 1761 1353 1802 non
1383 1739 1607 1802 homini
1637 1738 1831 1816 datis;
2490 1757 2556 1807 35

904 1825 1192 1909 Perrupit
1218 1826 1574 1888 Acheronta
1603 1825 1945 1890 Herculeus
1973 1825 2162 1890 labor.

984 1911 1092 1974 Nil
1122 1912 1471 1973 mortalibus
1504 1911 1678 1974 ardui
1707 1918 1802 1973 est
1827 1930 1845 1988 ;

900 1995 1152 2061 Caelum
1181 1997 1377 2080 ipsum
1407 1997 1663 2080 petimus
1688 1997 1943 2060 stultitia
1994 2017 2193 2081 neque

983 2082 1108 2145 Per
1137 2088 1407 2145 nostrum
1437 2082 1698 2165 patimur
1726 2083 1923 2146 scelus

899 2166 1208 2232 Iracunda
1232 2167 1276 2231 J
1278 2188 1451 2230 ovem
1481 2188 1704 2252 ponere
1737 2167 2007 2232 fulmina.
2492 2185 2559 2236 40

1177 2590 1635 2658 ΟΑΒΜΕΝ
1691 2593 1833 2657 IV.

649 2933 975 3001 SoLvrmR
1003 2935 1160 2999 acris
1189 2934 1377 2998 hiems
1407 2940 1586 3018 grata
1612 2932 1744 2998 vice
1773 2933 1935 3023 veris
1962 2940 2028 2999 et
2052 2934 2307 3018 Favom,

733 3021 1124 3104 Trahuntque
1154 3021 1346 3084 siccas
1373 3020 1686 3084 machinae
1718 3021 1977 3103 carinae,
2043 3047 2057 3057 ·

645 3107 745 3172 Ac
775 3129 971 3191 neque
993 3109 1124 3192 jam
1154 3106 1402 3170 stabulis
1433 3106 1662 3190 gaudet
1703 3128 1891 3190 pecus
1920 3113 2027 3171 aut
2055 3112 2258 3171 arator
2285 3105 2455 3191 igni;

732 3192 798 3255 N
800 3215 870 3257 ec
902 3202 1077 3277 prata
1106 3193 1270 3256 canis
1300 3193 1564 3256 albicant
1593 3194 1841 3276 pruinis.

644 3277 690 3343 J
691 3300 788 3342 am
819 3278 1125 3363 Cytherea
1155 3279 1363 3342 choros
1395 3279 1564 3342 ducit
1593 3278 1807 3343 Venus
1836 3277 2181 3342 imminente
2211 3277 2411 3359 Luna,
2525 3295 2562 3347 ὅ

729 3365 773 3429 J
776 3371 1114 3449 unctaeque
1146 3364 1209 3427 N
1209 3365 1446 3464 ymghis
1472 3363 1720 3428 Gratiae
1752 3365 2039 3428 decentes

646 3449 905 3515 Alter-no
934 3457 1158 3513 terram
1190 3458 1471 3534 quatmnt
1499 3450 1677 3534 pede,
1709 3451 1852 3514 dum
1881 3470 2100 3535 graves
2131 3447 2465 3535 Cyclopum

734 3536 1048 3601 Volcanus
1078 3536 1296 3599 ardens
1327 3537 1449 3600 urit
1478 3537 1762 3601 officinas·
2225 3542 2236 3551 “

646 3620 714 3686 N
716 3642 834 3686 unc
864 3622 1045 3685 decet
1073 3629 1181 3686 aut
1210 3622 1386 3685 viridi
1415 3622 1670 3685 nitidum
1700 3628 1885 3707 caput
1910 3619 2202 3706 impedire
2230 3625 2433 3707 myrto

734 3707 868 3770 Aut
896 3708 1041 3772 flore
1096 3714 1296 3770 terrae
1327 3729 1509 3791 quem
1530 3708 1743 3770 ⁴ferunt
1770 3708 2021 3771 solutae.
2500 3723 2564 3776 lo

645 3792 713 3858 N
714 3813 831 3856 unc
862 3800 925 3856 et
952 3794 1016 3856 in
1042 3793 1335 3878 umbrosie
1359 3793 1571 3856 Fauno
1602 3793 1781 3855 decet
1807 3793 2112 3858 immolare
2139 3791 2315 3873 lucis,

737 3877 861 3942 Seu
889 3885 1099 3961 poscat
1115 3898 1332 3960 agnam
1352 3876 1477 3940 sive
1495 3878 1665 3940 malit
1691 3876 1971 3941 haedum.

645 3963 884 4028 Pallida
911 3962 1081 4026 Mors
1111 3983 1306 4045 aequo
1333 3963 1536 4048 pulsat
1564 3962 1717 4047 pede
1750 3973 2082 4046 pauperum
2109 3960 2394 4027 tabernas

733 4049 1094 4132 Regumque
1126 4055 1345 4112 turres.
1440 4046 1495 4112 Ο
1526 4049 1704 4112 beate
1738 4047 1922 4128 Sesti,

645 4135 831 4202 Vitae
862 4156 1095 4199 summa
1122 4135 1322 4198 brevis
1351 4155 1521 4218 spem
1550 4155 1658 4198 nos
1679 4141 1849 4199 vetat
1876 4133 2157 4199 inchoare
2184 4133 2448 4219 longam.
2500 4149 2565 4201 ιδ

734 4221 779 4286 J
783 4243 880 4285 am
909 4228 969 4284 te
999 4228 1235 4304 premet
1262 4243 1380 4284 nox
1408 4220 1770 4305 fabulaeque
1800 4219 2019 4284 Manes

647 4305 734 4371 Et
762 4307 971 4371 domus
1001 4308 1170 4370 exilis
1200 4307 1521 4371 Plutonia:
1566 4328 1685 4390 quo
1714 4308 1891 4371 simul
1918 4305 2161 4386 meariS,

735 4392 875 4457 Nec
908 4414 1098 4476 regna
1127 4394 1248 4456 vini
1279 4394 1530 4456 sortiere
1562 4394 1700 4456 talis

646 4477 713 4542 N
715 4499 784 4541 ec
816 4486 1090 4543 tenerum
1121 4478 1392 4564 Lycidan
1423 4479 1741 4558 mirabere,
1773 4500 1893 4562 quo
1923 4478 2084 4542 calet
2101 4476 2395 4564 juventus

733 4564 797 4629 N
801 4585 918 4630 unc
948 4565 1138 4628 omnis
1168 4572 1232 4629 et
1259 4587 1396 4629 mox
1424 4565 1689 4649 virgines
1717 4565 2030 4651 tepebunt.
2499 4578 2566 4632 2⁰

1160 4854 1253 4922 1.
