2900 6042
244 1275 314 1344 158
673 1295 861 1346 sarmarum

249 1449 340 1514 Illum
356 1453 409 1513 ant
423 1449 573 1533 nequities
587 1454 641 1514 aut
654 1451 734 1514 vafri
748 1451 869 1517 inscitia
877 1454 968 1537 juris,

249 1534 440 1601 Postremum
453 1537 584 1619 expellet
600 1544 683 1600 certe
695 1538 827 1602 vivacior
841 1540 941 1604 horos.

248 1618 341 1686 Nunc
357 1641 431 1703 ager
445 1619 593 1685 Umbreni
608 1622 663 1685 sub
679 1624 808 1699 nomine,
823 1647 921 1709 nuper
937 1625 1056 1693 Ofellae

248 1704 368 1784 Dictus,
383 1707 441 1769 erit
455 1705 530 1770 nulli
546 1709 695 1792 proprius,
711 1710 766 1773 sed
781 1711 871 1774 cedet
885 1712 917 1794 in
932 1734 1020 1778 usum

248 1791 340 1856 Nunc
355 1792 428 1855 mihi
441 1814 522 1857 nunc
538 1795 599 1857 alii.
646 1793 796 1868 Quocirca
812 1798 903 1860 vivite
919 1799 1014 1862 fortes

248 1872 410 1962 Fortiaque
426 1878 560 1944 adversis
574 1881 714 1965 opponite
730 1890 855 1967 pectora
868 1884 993 1948 rebus.''

603 2348 809 2415 SAT'IRA
845 2351 936 2417 111.

220 2565 221 2568 ’
245 2559 266 2596 “
280 2554 337 2620 SIo
351 2577 421 2620 raro
435 2555 552 2635 scribis,
567 2563 603 2619 ut
616 2561 681 2620 toto
695 2576 755 2619 non
770 2561 881 2640 qnater
895 2576 974 2620 anno

243 2642 454 2713 Membranam
470 2663 586 2726 poscas,
601 2643 781 2726 scriptorum
796 2663 936 2726 quaeque
951 2649 1104 2726 retexens,

244 2727 347 2792 Iratus
362 2729 416 2791 tibi
431 2729 510 2812 quod
526 2730 586 2791 vini
601 2729 756 2813 somnique
771 2728 921 2811 benignus

244 2812 299 2876 Nil
314 2813 438 2897 dignum
453 2834 587 2878 sermone
604 2835 703 2877 canas.
752 2812 833 2889 Quid
847 2812 925 2877 fieti
971 2815 1017 2878 At
1029 2814 1103 2900 ipsis

245 2897 455 2970 Saturnalibus
470 2901 529 2964 huc
544 2901 656 2983 fugisti.
704 2898 828 2964 Sobrius
843 2922 917 2984 ergo

243 2984 302 3049 Dic
318 2984 431 3070 aliquid
447 2984 570 3069 dignum
586 2986 754 3070 promissis:
778 2986 886 3070 incipe.
933 2986 987 3048 Nil
1001 2992 1063 3050 est:

243 3069 414 3154 Culpantur
430 3071 543 3135 frustra
557 3072 675 3150 calami,
690 3072 917 3157 immeritusque
934 3072 1052 3136 laborat

244 3156 335 3222 lratis
349 3164 438 3220 natus
453 3159 552 3241 paries
567 3158 612 3220 dis
628 3167 719 3241 atque
736 3158 844 3241 po'e'tis
888 3230 892 3236 Δ

110 3262 118 3276 ·
243 3243 341 3327 Atqui
356 3245 454 3307 voltus
469 3252 535 3307 erat
549 3245 644 3307 multa
659 3254 690 3307 ct
704 3245 862 3327 praeclara
876 3242 1018 3308 minantis

243 3327 278 3392 Si
293 3351 421 3393 vacuum
438 3331 539 3414 tepido
554 3331 684 3413 cepisset
698 3330 802 3392 villula
816 3336 908 3393 tecto.

242 3413 391 3489 Quorsum
407 3418 553 3501 pertinuit
566 3418 677 3500 stipare
694 3415 823 3479 Platona
837 3414 1020 3495 Menandro,

243 3501 382 3586 Eupolin,
397 3502 625 3582 Archilochum,
641 3503 764 3566 comites
779 3501 909 3565 educere
925 3497 1049 3565 tantos?

244 3587 390 3652 invidiam
405 3591 524 3672 placare
541 3610 629 3673 paras
645 3589 755 3650 virtute
770 3585 900 3651 relicta?

242 3671 450 3738 Comtemnere
466 3676 576 3752 miser3
600 3673 723 3737 vitanda
737 3681 785 3736 est
798 3672 933 3756 improba
950 3669 1040 3738 Siren

242 3759 376 3838 Desidia,
392 3770 446 3824 aul
460 3760 607 3845 quidquid
622 3761 684 3823 vita
698 3759 821 3822 meliore
837 3759 950 3842 parasti
1253 3781 1285 3830 15

243 3844 418 3909 Ponendum
433 3868 530 3930 aequo
545 3845 675 3910 animo.'’
714 3844 788 3907 “Di
804 3851 846 3923 te,
863 3843 1059 3928 Damasippo,
1075 3844 1211 3931 deaeque

244 3930 358 3996 Verum
373 3932 410 3996 ob
425 3934 580 3996 consihum
595 3932 708 3995 donent
723 3938 852 3994 tonsore.
899 3928 962 3993 Sed
977 3930 1059 3995 unde

241 4014 315 4081 llam
330 4018 407 4081 bene
421 4041 469 4082 me
484 4020 563 4083 nosti
573 4018 586 4081 ‘i
598 4019 618 4049 ’'
663 4016 863 4101 “Postquam
877 4015 973 4079 omnis
987 4036 1038 4081 res
1051 4036 1121 4083 mea
1133 4015 1157 4083 J
1156 4039 1247 4086 annm

241 4103 293 4166 Ad
306 4103 437 4167 medium
453 4106 550 4169 fracta
565 4111 612 4168 est
627 4103 726 4167 aliena
740 4103 863 4186 negotia
877 4122 962 4182 curo,

240 4188 394 4253 Excussus
409 4192 547 4276 propriis.
594 4190 758 4253 Ohmmam
774 4209 922 4273 quaerere
938 4189 1087 4270 amabam,
1250 4211 1283 4261 ao

239 4273 306 4349 Quo
322 4275 407 4339 vafer
421 4279 471 4341 ille
488 4277 580 4361 pedes
594 4277 717 4340 lavisset
734 4275 882 4362 Sisyphus
897 4295 980 4355 aere,

116 4408 119 4415 .
239 4359 320 4435 Quid
335 4364 485 4447 sculptum
500 4364 629 4441 infabre,
645 4362 718 4446 quid
733 4363 835 4425 fusum
850 4360 955 4424 durius
970 4368 1052 4426 esset

239 4444 374 4511 Callidus
388 4450 458 4514 huic
473 4450 559 4534 signo
574 4450 720 4533 ponebam
735 4449 828 4512 millia
843 4457 986 4525 centnm;

238 4531 353 4597 Hortos
368 4537 566 4620 egregiasque
582 4535 684 4598 domos
698 4535 862 4598 mercarier
876 4554 955 4597 unus
1099 4543 1101 4546 ’

238 4617 316 4682 Oum
330 4621 416 4685 lucro
430 4643 553 4700 noram3
575 4622 656 4685 unde
671 4621 844 4706 frequentia
857 4618 1059 4684 Mercuriale·
1249 4637 1283 4689 ὓ

238 4702 500 4792 imposueremihi
516 4728 680 4792 cognomen
695 4706 863 4791 compita.’'
903 4711 923 4744 “
938 4706 1030 4787 Novi,

237 4787 281 4856 Et
294 4791 387 4859 miror
400 4795 495 4860 morbi
510 4802 672 4879 purgatum
688 4800 719 4858 te
735 4793 823 4858 illius.
870 4791 969 4877 Atqui
