2900 6042
194 1297 259 1363 13}
621 1310 807 1357 SATIBARUH

196 1466 239 1529 Et
253 1465 304 1549 qni
319 1471 484 1528 nocturnus
498 1484 585 1528 saera
598 1463 700 1527 divum
713 1463 832 1546 legerit
854 1460 945 1527 Adsit

195 1552 316 1634 Regula
341 1551 474 1633 peccatis
488 1571 566 1633 quae
581 1570 692 1634 poenas
706 1551 821 1632 irroget
834 1568 958 1632 aeques,

195 1634 245 1700 Ne
263 1636 378 1699 scutica-
393 1636 517 1718 dignum
531 1636 663 1697 horribili
678 1642 795 1698 sectere
811 1634 940 1717 fiagello.

195 1721 226 1785 N
229 1744 277 1783 am
303 1729 338 1783 ut
352 1721 449 1783 ferula
464 1720 573 1783 caedas
588 1721 726 1782 meritum
742 1721 854 1803 majora
868 1718 968 1783 subire

195 1807 335 1869 Verbera
359 1828 419 1868 non
434 1827 551 1882 vereor,
566 1826 634 1867 cum
650 1805 733 1868 dieas
748 1826 813 1867 esse
828 1824 917 1887 pares
931 1824 981 1869 res

195 1891 291 1953 Furta
306 1891 466 1953 latrociniis
493 1897 525 1952 et
538 1891 654 1972 magnis
683 1910 778 1973 parva
791 1890 913 1953 mineris

196 1975 288 2038 Falce
303 1977 467 2038 reeisurnm
481 1975 569 2037 simili
585 1986 626 2053 te,
641 1975 667 2037 si
681 1975 735 2037 tibi
749 1994 875 2057 regnum

196 2061 378 2122 Permittant
391 2060 534 2121 homines.
582 2058 614 2121 Si
630 2059 714 2123 dives
740 2060 791 2142 qui
806 2059 925 2143 sapiens
939 2065 998 2139 est,

195 2144 237 2208 Et
253 2152 336 2207 sutor
350 2145 444 2206 bonus
460 2154 491 2206 et
505 2146 584 2207 solus
598 2145 743 2208 formosus
758 2152 790 2208 et
804 2152 850 2207 est
864 2165 929 2224 rex,
1189 2168 1237 2217 125

195 2229 259 2292 Cur
273 2236 358 2311 optas
373 2228 458 2311 quod'
468 2228 587 2291 habes?
632 2229 702 2292 Non
717 2230 793 2292 nosti
809 2226 881 2312 qnid
896 2234 994 2312 peter,
1008 2226 1118 2313 inquit,

195 2313 381 2398 Chrysippus
396 2314 499 2377 dicat:
535 2312 661 2398 Sapiens
675 2313 812 2397 crepidas
827 2314 882 2377 sibi
896 2332 1050 2396 nunquam

194 2398 226 2462 N
228 2420 263 2462 cc
278 2400 374 2462 soleas
388 2399 472 2477 fecit,
487 2404 571 2462 sutor
585 2406 686 2461 tamen
700 2405 748 2462 est
763 2398 893 2483 sapiens.
937 2396 1021 2472 Quil

194 2484 240 2548 Ut
266 2484 400 2567 quamvis
416 2490 497 2547 tacet
511 2484 731 2566 Hermogenes,
746 2490 852 2549 cantor
865 2490 967 2547 tamen
981 2488 1072 2569 atque

196 2567 334 2653 Optimus
350 2576 396 2632 est
410 2569 597 2644 modulator3
619 2578 654 2631 ut
668 2569 810 2633 Alfenins
827 2568 924 2650 vafer,
938 2568 1019 2635 omni
1185 2592 1233 2643 rsa

193 2653 323 2738 Abjecto
337 2653 534 2717 instrumento
549 2655 621 2716 artis
636 2655 798 2736 clausaque
812 2655 949 2735 taberna,

195 2736 287 2801 Sutor
302 2745 379 2818 crat,
394 2739 512 2821 sapiens
527 2739 623 2822 operis
637 2739 681 2801 sic
696 2740 824 2821 optimus
839 2738 934 2802 omnm

194 2823 251 2887 Est
265 2825 364 2906 opifex
378 2825 469 2902 solus,
484 2823 526 2886 sie
542 2845 606 2886 rex.
651 2824 779 2887 Velluut
793 2824 846 2887 tibi
860 2823 984 2887 barbam

194 2907 313 2971 Lasoivi
327 2909 413 2992 pueri
425 2927 513 2991 ;quos
528 2916 562 2971 tu
576 2908 631 2972 nisi
646 2909 725 2972 fuste
742 2911 863 2972 coerces

193 2993 321 3076 Urgeris
335 2994 423 3056 turba
439 2995 550 3056 eireum
566 3000 596 3056 tc
611 3001 709 3057 stante
724 2995 874 3077 miserque

193 3077 354 3161 Rumperis
370 3086 401 3141 et
415 3080 519 3157 latras,
534 3099 708 3161 magnorum
724 3079 852 3142 maxime
867 3099 981 3162 regum

194 3162 243 3226 Ne
259 3165 380 3246 longum
393 3164 528 3229 faeiama
541 3164 612 3226 dnm
628 3170 661 3226 tu
676 3163 844 3246 quadrante
859 3164 992 3230 lavatum

193 3247 261 3311 Rex
274 3249 330 3312 ibis
356 3270 455 3331 noque
470 3256 500 3310 te
515 3249 671 3331 qnisquam
686 3249 813 3332 stipator
826 3249 962 3333 ineptum

193 3333 321 3396 Praeter
337 3332 506 3416 Crispinum
522 3334 695 3412 sectabitur,
712 3341 744 3396 et
758 3335 829 3397 mihi
843 3334 948 3399 dulces

193 3416 356 3499 Ignoseont
381 3419 493 3501 siquid
510 3440 636 3502 peccaro
651 3420 760 3482 stultus
787 3420 886 3499 amici,

192 3501 290 3586 Inque
305 3503 400 3566 vicem
415 3505 531 3566 illorum
545 3504 642 3587 patiar
656 3503 767 3567 delicta
781 3505 920 3584 libenter,

192 3585 391 3672 Privatnsque
406 3590 502 3672 magis
516 3590 613 3653 vivam
628 3596 659 3653 tc
674 3610 747 3673 rege
762 3590 878 3654 beatus.
993 3592 1029 3663 0

590 3824 827 3835 -———-

554 4006 758 4073 SATIRA
787 4009 861 4074 IV.

190 4175 331 4240 ancus
346 4182 436 4260 atque
453 4177 593 4242 Cratinus
610 4178 889 4264 Aristophanesque
907 4182 1015 4266 poetae

189 4261 295 4344 Atque
311 4262 358 4325 alii
386 4284 511 4346 quorum
528 4264 680 4327 comoedia
696 4265 795 4347 prisea
811 4267 940 4330 virorum
955 4274 1013 4348 est,

193 4345 226 4410 Si
242 4346 309 4428 quis
325 4355 390 4409 erat
404 4348 512 4431 dignus
528 4350 656 4412 describi
683 4349 762 4432 quod
778 4352 873 4415 malus
887 4372 923 4416 ac
938 4350 1002 4434 sur,

192 4430 279 4504 Quod
293 4433 433 4495 moechus
448 4436 526 4497 feret
541 4444 593 4496 aut
607 4435 732 4498 sicarius
744 4443 796 4497 aut
810 4437 922 4522 alioqui

190 4515 347 4591 Fumosae,
360 4520 453 4581 multa
468 4540 535 4581 oum
551 4520 687 4582 libertate
702 4521 855 4583 notabant.

189 4600 270 4663 Hine
286 4602 380 4663 omnis
396 4604 506 4684 pendet
521 4605 663 4683 Lucilium
679 4606 767 4668 hosce
783 4614 905 4670 secutus

189 4683 318 4748 Mutatis
333 4693 448 4750 tantum
463 4690 587 4772 pedibus
602 4692 804 4773 numerisque,
819 4693 948 4773 facetus,

1018 4231 1029 4266 t

190 4768 358 4834 Emunctae
373 4773 464 4851 naus,
479 4774 571 4838 durus
586 4796 763 4859 componere
778 4798 894 4842 versus.
