2900 6042
628 1338 803 1387 sumnus

408 1490 510 1555 Matre
530 1489 583 1575 qui
603 1490 695 1574 largis
705 1491 878 1575 juvenescit
889 1491 993 1560 herbis

578 1576 617 1639 In
629 1597 697 1639 mea
711 1584 791 1656 vcta,

407 1660 520 1724 Fronte
535 1668 674 1725 curvatos
687 1662 821 1725 imitatus
835 1661 922 1745 ignes
1004 1736 1006 1741 ,

408 1745 543 1809 Tertium
572 1746 662 1809 lunae
677 1746 835 1810 referentis
849 1754 962 1830 crtum,

409 1827 478 1905 Qua
491 1838 593 1894 notam
607 1831 693 1894 duxit
705 1832 813 1895 niveus
826 1832 924 1897 videri
963 1894 984 1931 ⁶

467 1935 473 1946 ·
578 1913 690 1980 Cetera
706 1917 817 1981 fulvus.

527 2339 766 2408 OARMEN
795 2339 893 2408 111.

408 2682 504 2759 Qusu
519 2697 563 2762 tu,
577 2681 780 2765 Melpomene,
794 2682 887 2747 semel

364 2766 550 2833 Nascentem
565 2766 682 2852 placido
694 2766 807 2830 lumine
821 2766 944 2849 viderie,

408 2853 498 2916 Illum
512 2873 572 2917 non
586 2853 670 2915 labor
683 2850 828 2916 Isthmius

365 2936 501 3003 clarabit
514 2937 657 3021 pugilem,
671 2958 732 3000 non
746 2956 842 3020 equus
855 2935 985 3022 impiger

408 3021 508 3086 Curru
522 3022 615 3085 ducet
627 3022 764 3086 Achaico

363 3105 531 3186 wewam,
545 3128 643 3191 neque
658 3127 708 3171 res
721 3105 830 3170 bellice
843 3104 940 3171 Deliis

408 3191 556 3257 Ornatum
567 3192 643 3256 foliis
660 3192 779 3270 ducem,

365 3274 453 3351 Quod
468 3297 573 3360 regum
588 3276 716 3340 tumidas
731 3273 902 3340 contuderit
914 3273 1023 3358 minas,

409 3360 559 3426 Ostendet
572 3361 718 3447 Capitolio
730 3382 739 3424 t

365 3444 428 3512 Sed
442 3468 520 3532 quae
534 3447 628 3511 Tibur
642 3466 739 3531 aquae
753 3444 853 3510 fertile
867 3444 1037 3530 praefluunt

406 3532 448 3596 Et
462 3533 575 3617 spissae
587 3551 742 3595 nemorum
756 3549 859 3595 comae

363 3615 495 3701 Fmgent
508 3617 615 3681 Aeolio
630 3617 761 3682 carmine
775 3615 915 3679 nobilem.

404 3702 519 3767 Romae
532 3701 675 3788 principis
691 3701 811 3765 urbium

364 3785 517 3870 Dignatur
529 3787 645 3852 subeles
658 3787 740 3851 inter
753 3785 895 3850 amabiles

405 3870 520 3935 Vatum
534 3892 645 3954 ponere
659 3892 708 3936 me
726 3871 843 3950 chores,

364 3953 407 4018 Et
422 3955 480 4017 'am
495 3955 586 4018 dente
600 3956 696 4018 minus
710 3957 849 4022 mordeor
862 3955 973 4021 invido.

409 3977 448 4118 (i,
465 4039 624 4102 testudinis
638 4059 749 4104 aureae

363 4122 492 4188 Duleem
507 4144 585 4207 quae
600 4125 769 4208 strepitum,
785 4125 879 4210 Pieri,
892 4131 1055 4211 temperas,

408 4209 436 4273 Ο
461 4210 551 4274 mutis
565 4231 683 4294 queque
699 4210 830 4294 piscibus

364 4293 522 4360 Donatura
536 4296 635 4381 cycni,
650 4296 675 4361 si
689 4297 793 4376 libeat,
808 4316 924 4376 senum,

407 4380 516 4446 Totum
529 4382 661 4446 muneris
675 4381 732 4447 hoc
747 4384 792 4447 tui
807 4391 875 4448 est:

364 4463 452 4540 Quod
465 4475 612 4532 monstror
626 4467 719 4552 digito
734 4463 991 4553 praetereuntium

407 4552 560 4617 Mmanae
573 4553 684 4618 fidicen
697 4555 794 4639 lyrae,

365 4632 453 4709 Quod
466 4640 545 4725 spiro
560 4645 592 4705 et
605 4640 721 4726 placeo,
734 4638 761 4705 si
774 4639 892 4727 placeo,
900 4643 987 4703 tuum
1001 4645 1057 4713 est
