2900 6042
581 1640 584 1644 ,
629 1575 861 1642 GARMEN
889 1576 981 1641 III.

302 1909 371 1990 fl.
441 1854 484 1863 Α,
540 1899 970 1986 SIotedivapotensCypri,
1076 1966 1079 1971 .

498 1984 549 2052 Sic
563 1987 674 2050 fratres
689 1986 827 2050 Helenae
849 1988 950 2050 lucida
964 1988 1075 2071 sidera,

538 2072 768 2155 Ventorumque
783 2083 870 2156 regat
884 2082 982 2156 pater,

500 2154 660 2222 Obstricti's
674 2158 739 2220 aliis
754 2167 875 2240 praeter
889 2159 1026 2243 Iapyga:

537 2242 645 2321 Navis,
661 2263 738 2325 quae
754 2244 806 2305 tibi
821 2244 969 2307 creditum

494 2327 596 2392 Debes
610 2327 773 2409 Virm'lium
797 2329 905 2391 finibus
924 2328 1037 2392 Atticis

537 2412 660 2476 Reddas
674 2414 852 2476 incolumem
878 2435 995 2496 precor,

496 2497 538 2561 Itt
552 2519 654 2562 serves
669 2499 784 2562 animae
800 2500 954 2562 dimidium
967 2519 1064 2562 meae.

537 2583 587 2646 Illi
601 2583 691 2646 robur
705 2592 737 2646 et
751 2605 803 2647 aes
817 2581 925 2667 triplex

497 2665 587 2732 cirea
601 2674 706 2752 pectus
720 2676 788 2732 erat
813 2670 865 2752 qui
879 2669 1018 2751 fragilem
1032 2668 1111 2732 tmci

401 2764 406 2773 '
542 2750 697 2816 Commisit
712 2755 819 2837 pelago
834 2761 932 2817 ratem

496 2837 627 2917 Primus,
642 2859 698 2902 nec
714 2839 813 2902 timuit
826 2838 1021 2923 praecipitem
1035 2837 1165 2903 Afrioun

540 2923 757 2987 Decertentem
771 2924 969 3007 Aquilonibus

495 3007 529 3072 N
529 3029 565 3072 ee
581 3009 682 3072 tristes
696 3009 835 3092 Hyadas,
850 3030 906 3073 nec
921 3009 1034 3074 rabiem
1048 3007 1125 3074 Noti

541 3092 608 3168 Quo
622 3115 682 3158 non
697 3095 809 3158 arbiter
820 3094 956 3158 Hadriae

495 3177 598 3243 Ma‘or
623 3181 728 3243 tollere
743 3201 798 3243 seu
813 3201 923 3264 ponere
938 3179 1005 3244 volt
1017 3179 1107 3245 freta.

540 3203 637 3339 (inem
652 3264 760 3328 Mortis
775 3267 873 3329 timuit
887 3266 1015 3349 gradum

497 3347 557 3425 Qui
571 3351 659 3414 siccis
673 3352 766 3414 oculis
781 3358 914 3415 monstra
928 3352 1074 3432 natantia,

539 3434 599 3510 Qui
613 3435 688 3500 vidit
702 3458 786 3500 mare
801 3437 955 3520 turgidum
971 3443 1003 3499 et

437 3587 439 3592 ,
495 3517 628 3585 Infames
643 3523 779 3605 scopulos
794 3505 1046 3586 Acrocerauniai

506 3608 509 3613 ’
537 3605 749 3690 Nequicquam
768 3608 846 3672 dens
864 3608 993 3672 abscidit

494 3689 634 3755 Prudens
650 3691 772 3756 Oceano
787 3693 966 3757 dissociabili

537 3775 648 3839 Terras
674 3779 699 3838 si
713 3786 814 3840 tamen
827 3779 935 3861 impiae

495 3857 568 3923 Non
582 3861 736 3943 tangenda
749 3870 830 3924 rates
846 3863 1016 3925 transiliunt
1028 3861 1117 3925 rada.

538 3943 651 4008 Audax
665 3946 764 4009 omnia
777 3947 895 4030 perpeti

496 4028 581 4094 Gens
595 4029 727 4094 hnmana
741 4032 802 4094 ruit
816 4053 870 4116 per
884 4032 1010 4097 vetitum
1024 4031 1120 4095 nefas.

539 4115 652 4178 Audax
667 4116 766 4199 Iapeti
781 4137 876 4199 genus

494 4199 603 4284 Ignem
617 4201 724 4264 fraude
739 4204 818 4265 mala
832 4202 972 4284 gentibus
985 4203 1096 4267 intulit.

538 4284 613 4349 Post
626 4286 728 4369 ignem
743 4289 877 4351 aetheria
891 4287 977 4351 domo

494 4368 684 4436 Subducturn
698 4367 809 4437 ma'cies
823 4381 856 4436 et
869 4395 948 4437 nova
960 4372 1089 4438 febrium

536 4456 637 4521 'serris
651 4457 788 4522 incubuit
802 4460 918 4538 cohors,

496 4538 669 4626 Semotique
685 4543 768 4626 prins
783 4545 871 4608 tarda
884 4545 1048 4609 necessitas

535 4626 605 4690 Leti
619 4629 762 4724 corripuit
775 4630 915 4714 gendum.
