2900 6042
581 1331 706 1380 EPODOM
729 1332 835 1378 umas.

358 1493 420 1558 Hie
435 1493 610 1556 irreseotum
624 1512 715 1555 saeva
731 1490 821 1554 deute
836 1487 927 1553 livido

403 1577 529 1642 Canidia
543 1577 651 1640 rodens
668 1577 803 1658 pollicem

363 1662 443 1738 Quid
459 1663 534 1725 dixit
549 1670 602 1724 aut
616 1662 689 1745 quid
704 1658 824 1724 tacuit?
869 1657 897 1723 0
913 1659 1004 1724 rebus
1017 1658 1094 1726 meis

403 1749 473 1812 Non
487 1748 623 1810 infideles
637 1748 780 1824 arbitrae,
1200 1765 1234 1815 50

359 1835 430 1899 Nox
445 1842 476 1897 et
491 1833 590 1896 Diana
616 1855 693 1916 quae
709 1832 860 1896 silentium
874 1831 955 1916 tegle

404 1921 528 1983 Arcana
545 1938 614 1981 cum
629 1919 707 1981 fiunt
721 1938 821 1998 sacra,

353 2005 549 2076 'Nunanuno
562 2004 678 2082 adeste,
692 2024 772 2066 nune
785 2004 818 2066 in
832 2002 954 2068 hostiles
969 2001 1072 2068 domos

403 2091 485 2154 Iram
500 2096 591 2171 atque
606 2109 718 2151 numen
733 2088 859 2154 vertite!

358 2175 568 2242 Formidolosis
583 2175 655 2236 dum
669 2174 766 2236 latent
786 2175 867 2238 silvis
881 2174 964 2239 ferae

402 2261 493 2324 Duloi
507 2281 611 2342 sopore
626 2259 799 2341 languidae,

264 2340 270 2351 ’
363 2345 484 2426 Senem,
500 2344 580 2428 quod
595 2366 696 2408 omues
711 2345 840 2425 rideant,
855 2345 1025 2410 adulterum

402 2432 530 2495 Latrent
546 2429 721 2494 Suburanae
738 2451 828 2494 canes

361 2518 468 2582 Nardo
483 2523 671 2600 perunctum,
687 2516 775 2599 quale
791 2537 850 2580 non
865 2513 1028 2601 perfectius

402 2603 493 2667 Meae
507 2603 670 2665 laborarint
684 2622 800 2664 manus.
816 2637 860 2650 -

361 2688 441 2764 Quid
456 2687 590 2753 accidit?
635 2686 698 2750 Cur
712 2687 778 2750 dira
791 2687 937 2750 barbarae
951 2684 1051 2750 miuus

315 2812 320 2819 -
405 2776 534 2839 Venena
549 2773 677 2836 Medeae
693 2771 819 2835 valenti

362 2859 477 2935 Quibus
492 2859 650 2942 superbam
664 2858 744 2940 fugit
758 2859 823 2922 ulta
837 2857 984 2942 pellicem,

404 2945 510 3028 Magni
526 2944 663 3008 Creontis
677 2945 779 3022 filiam,

365 3030 444 3096 Cum
465 3033 559 3117 palla,
582 3028 652 3095 tabo
667 3052 775 3093 munus
789 3030 946 3108 imbutum,
959 3047 1069 3093 novam

404 3116 549 3179 Incendio
564 3124 688 3199 nuptam
703 3116 835 3179 abstulit.

361 3201 459 3283 Atqui
474 3222 529 3263 neo
545 3202 639 3264 herba
665 3216 722 3264 nee
736 3203 833 3266 latens
846 3200 879 3264 in
893 3199 1006 3285 asperis

405 3286 504 3349 Radix
519 3287 625 3349 fefellit
639 3308 687 3350 me
702 3288 785 3351 locis.

361 3371 510 3438 Indormit
524 3373 622 3436 unctis
637 3373 767 3435 omnium
781 3371 927 3436 eubilibus

408 3457 563 3523 Obliviouo
579 3459 729 3541 pellicum,
739 3491 784 3505 -

362 3545 416 3612 Ah
442 3543 500 3608 ahl
524 3545 637 3607 solutus
652 3544 785 3607 ambulat
799 3542 951 3607 veneficae
966 3563 969 3569 ·

406 3630 578 3695 Scientioris
594 3629 735 3692 carmine.

361 3717 432 3781 Non
447 3716 574 3791 usitatio,
589 3715 685 3793 Varo,
700 3715 878 3798 pot-ionibus,

407 3801 434 3867 Ο
450 3802 544 3863 multa
558 3802 698 3862 fleturum
715 3807 817 3882 eaput,

361 3886 415 3951 Ad
430 3907 477 3949 me
493 3906 643 3963 recurres,
658 3906 715 3969 neo
730 3893 837 3949 vocata
850 3904 934 3948 mens
949 3889 1003 3949 tua

406 3971 516 4033 Marsis
531 3970 639 4032 redibit
653 3971 794 4034 vocibus:

361 4055 463 4121 Malus
479 4055 600 4138 parabo,
615 4056 709 4119 maius
724 4055 880 4121 infundam
895 4055 950 4120 tibi

404 4141 582 4206 Fastidieuti
597 4142 745 4224 poculum.

362 4228 511 4309 Priusque
527 4228 642 4290 caelum
657 4227 735 4290 sidet
749 4226 873 4292 inferius
887 4225 974 4306 mari,

406 4314 530 4377 Tellure
542 4319 679 4396 porrecta
693 4334 795 4395 super,

362 4398 461 4474 Quam
476 4420 536 4462 non
551 4419 651 4461 amore
665 4398 708 4461 sic
722 4420 790 4462 meo
802 4399 912 4482 flagres
939 4396 983 4460 nti

405 4486 546 4548 Bitumeu
562 4484 634 4546 atris
648 4484 779 4566 ignibus.
790 4518 836 4532 -

364 4568 427 4635 Sub
443 4572 517 4633 haec
533 4591 609 4652 puer
618 4571 682 4653 jam
697 4591 756 4631 non
783 4576 818 4632 nt
832 4574 902 4632 anto
928 4567 1065 4632 mollibus

406 4657 515 4719 Lenire
531 4656 630 4718 verbis
644 4656 761 4738 impias,

366 4739 427 4804 Sed
442 4742 549 4803 dubius
575 4740 654 4802 unde
670 4744 823 4824 rumperet
837 4739 988 4804 silentium

407 4825 492 4889 Misit
506 4825 671 4909 Thyesteas
687 4845 810 4909 preces:
