2900 6042
1196 1571 1314 1617 ms
1359 1557 1650 1617 refirma.

388 1721 699 1787 Illecebris
729 1728 860 1786 erat
890 1728 953 1786 et
982 1731 1158 1807 grata
1185 1724 1451 1788 novitate
1482 1722 1804 1787 morandus

392 1808 724 1894 Spectator,
739 1809 1100 1892 functusque
1131 1811 1317 1874 sacris
1347 1817 1412 1873 et
1441 1818 1616 1893 potus
1647 1817 1710 1872 et
1738 1811 1934 1874 exlex.

387 1895 622 1959 Verum
652 1896 739 1958 ita
767 1895 1005 1974 risoreS,
1036 1895 1123 1958 ita
1151 1897 1568 1959 commendare
1597 1894 1833 1961 dicaces

391 1980 725 2044 Conveniet
756 1978 1029 2064 Satyroe,
1057 1981 1147 2045 ita
1178 1991 1416 2045 vertere
1448 1981 1609 2045 seria
1635 1982 1797 2058 ludo,

388 2068 488 2131 Ne
544 2066 888 2151 quicunque
935 2067 1107 2146 deus,
1137 2068 1483 2151 quicunque
1529 2067 1909 2132 adhibebitur
1934 2068 2134 2149 heros,

389 2153 607 2236 Regali
638 2158 994 2236 conspectus
1023 2153 1086 2215 in
1117 2174 1262 2216 auro
1294 2175 1489 2237 nuper
1517 2160 1581 2216 et
1607 2160 1789 2233 ostro,

390 2238 621 2320 Migret
649 2238 712 2300 in
743 2239 1026 2301 obscuras
1056 2239 1264 2301 humili
1294 2259 1567 2302 sermone
1599 2238 1901 2316 tabernas,

388 2327 521 2386 Aut
573 2323 716 2386 dum
749 2323 898 2386 vitat
927 2323 1173 2386 humum
1225 2325 1413 2388 nubes
1445 2331 1508 2387 et
1537 2323 1738 2387 ina-nia
1766 2330 1991 2409 captet.

388 2410 643 2472 Effutire
675 2410 839 2472 leves
869 2408 1115 2491 indigna
1139 2408 1485 2492 Tragoedia
1514 2431 1744 2487 versus,

389 2495 478 2558 Ut
505 2495 675 2558 festis
705 2502 978 2557 matrona
1005 2495 1230 2557 moveri
1250 2497 1422 2578 jussa
1450 2495 1684 2573 diebuS,

388 2579 681 2643 Inter-erit
713 2578 950 2663 Satyris
981 2579 1247 2662 paullum
1280 2580 1630 2662 pudibunda
1657 2577 1971 2662 protervis.

390 2664 532 2728 Non
563 2686 677 2747 ego
708 2665 984 2727 inornata
1012 2671 1077 2726 et
1107 2663 1475 2728 dominantia
1501 2665 1740 2728 nomina
1767 2664 1958 2728 solum

388 2750 741 2833 Verbaque,
773 2750 1042 2827 Pisones,
1076 2746 1430 2833 Satyrorum
1461 2751 1716 2833 scriptor
1743 2750 1995 2832 amabo;

390 2835 526 2900 Nec
557 2837 643 2899 sic
675 2835 870 2898 enitar
900 2835 1128 2918 tragico
1159 2835 1397 2899 differre
1428 2836 1610 2899 colori

390 2921 484 2987 Ut
513 2921 659 2984 nihil
687 2920 926 2984 intersit
978 2920 1264 2984 Davusne
1296 2922 1574 3005 loquatur
1603 2927 1667 2984 et
1695 2919 1894 2984 audax
1950 2979 1963 2990 ,

391 3007 646 3092 Pythias
698 3014 977 3070 emuncto
1005 3007 1242 3070 lucrata
1277 3004 1520 3070 Simone
1549 3007 1866 3084 talentum,

388 3094 495 3157 An
526 3101 726 3157 custos
754 3093 1133 3177 famulusque
1163 3092 1263 3156 dei
1294 3091 1534 3156 Silenus
1563 3091 1807 3155 alumni.

342 3174 349 3181 ’
384 3169 489 3245 Ex
517 3187 658 3242 noto
686 3178 893 3241 fictum
923 3198 1168 3241 carmen
1196 3198 1438 3263 sequar,
1469 3185 1540 3242 ut
1566 3178 1679 3241 sibi
1707 3177 1904 3261 quivis

394 3264 614 3350 Speret
639 3263 822 3341 idem,
852 3262 1032 3327 sudet
1059 3264 1313 3327 multum
1341 3264 1687 3348 frustraque
1722 3263 1956 3329 laboret

388 3351 599 3414 Ausus
629 3349 830 3413 idem:
880 3356 1115 3412 tantum
1142 3350 1330 3414 series
1347 3346 1756 3434 junctumque
1785 3349 1993 3433 pollet,

390 3436 649 3500 Tantum
682 3434 758 3499 de
787 3434 984 3499 medio
1011 3435 1264 3519 sumptis
1294 3435 1531 3499 accedit
1557 3434 1821 3498 honoris.

395 3520 575 3585 Silvis
605 3520 848 3584 deducti
880 3528 1136 3583 caveant
1164 3543 1258 3585 me
1279 3521 1489 3606 judice
1521 3519 1739 3600 Fauni,

391 3606 493 3672 Ne
546 3606 715 3670 velut
742 3605 931 3669 innati
960 3605 1153 3669 triviis
1180 3626 1255 3671 ac
1283 3627 1476 3690 paene
1506 3606 1774 3669 forenses

390 3692 525 3757 Aut
553 3692 800 3756 nimium
830 3692 1055 3755 teneris
1074 3691 1447 3775 juvenentur
1478 3691 1745 3754 versibus
1773 3710 2063 3774 unquam,

389 3779 525 3843 Aut
551 3777 860 3841 immunda
888 3783 1139 3861 crepent
1165 3776 1673 3860 ignominiosaque
1705 3775 1909 3857 dicta:

394 3862 799 3947 offenduntur
827 3861 986 3924 enim
1039 3861 1256 3945 quibus
1285 3868 1379 3925 est
1406 3882 1598 3945 equus
1627 3876 1686 3925 et
1716 3869 1890 3944 pater
1917 3866 1982 3925 et
2008 3880 2132 3941 res,

389 3949 552 4030 Nec,
577 3949 631 4049 si
661 3947 807 4032 quid
833 3947 996 4009 fricti
1025 3946 1235 4010 ciceris
1264 3948 1482 4031 probat
1507 3952 1572 4010 et
1598 3947 1769 4011 nucis
1798 3954 2054 4035 emptor,
2135 3968 2142 3975 ’

388 4034 490 4099 Ae
534 4055 628 4098 ms
657 4032 961 4117 accipiunt
989 4032 1201 4095 animis
1232 4032 1532 4105 donantve
1562 4053 1801 4097 corona.

391 4056 643 4206 Syliaba
672 4118 854 4201 longa
882 4115 1054 4180 brevi
1082 4117 1643 4216 subjecta-,vocatur
1669 4118 1925 4196 iambus,

388 4204 529 4273 Pa
541 4203 769 4278 citum.
786 4198 948 4265 unde
978 4200 1162 4265 etiam
1190 4204 1481 4278 trimetris
1507 4223 1854 4267 accrescere
1875 4201 2060 4287 jussit

389 4289 631 4353 Nomen
660 4286 932 4364 iambeis,
963 4306 1113 4371 cum,
1130 4294 1305 4350 senos
1334 4287 1620 4353 redderet
1650 4289 1834 4353 ictus.

391 4375 630 4438 Primus
660 4371 739 4437 ad
771 4380 1107 4436 extremum
1136 4373 1339 4437 similis
1368 4373 1502 4437 sibi.
1592 4373 1734 4438 Non
1762 4375 1848 4438 ita
1874 4372 2132 4458 pridem,

388 4460 647 4525 Tardior
676 4466 745 4522 ut
774 4458 951 4542 paulo
981 4458 1336 4543 graviorque
1373 4460 1606 4522 veniret
1635 4460 1712 4523 ad
1745 4480 1948 4540 aures,

394 4537 703 4630 Spondeos
731 4544 976 4607 stabiles
1003 4543 1067 4607 in
1085 4545 1231 4629 jura
1257 4553 1513 4629 paterna
1541 4545 1772 4629 recepit
1920 4586 1967 4635 .-

392 4628 752 4695 Commodus
780 4639 844 4693 et
872 4626 1131 4713 patiens,
1160 4651 1278 4695 non
1309 4638 1380 4694 ut
1408 4631 1486 4694 de
1515 4620 1659 4694 §Ede
1690 4618 1959 4696 sbcffi‘ds
2001 4674 2016 4685 -

393 4714 658 4781 Cederet
685 4722 793 4780 aut
820 4721 1039 4799 quarta
1066 4715 1386 4780 socialiter.
1478 4714 1600 4779 Hic
1631 4722 1696 4779 et
1722 4717 1785 4779 in
1816 4715 1976 4783 Acci

390 4802 707 4867 Nobilibus
737 4800 1023 4865 trimetris
1053 4809 1306 4885 apparet
1335 4821 1531 4877 rarus,
1561 4812 1626 4865 et
1656 4801 1817 4866 Enni

389 4888 469 4953 In
496 4906 737 4975 :egenam
768 4885 978 4951 missos
1006 4906 1145 4951 cum
1175 4908 1405 4973 magno·
1424 4887 1688 4973 pondere
1719 4904 1931 4952 versus

388 4974 527 5039 Aut
550 4992 779 5061 operae.
800 4972 1015 5037 celeris
1042 4972 1291 5039 nimium
1320 4992 1590 5059 curaque
1614 4973 1876 5040 carentis
1941 4996 1956 5011 ·

388 5057 862 5145 Aut-ignorata
890 5058 1285 5209 przzmitutis
1311 5060 1562 5125 crimine
1590 5056 1808 5145 turpi.

2342 1552 2469 1617 229
