2900 6042
380 1347 424 1414 8
1239 1364 1588 1412 mamma

549 1517 847 1602 Tempora
874 1519 1131 1603 populea
1157 1519 1353 1583 fertur
1387 1517 1643 1582 vinxisse
1676 1537 1917 1597 corona,

638 1601 741 1669 Sic
772 1603 973 1668 tristes
998 1606 1211 1669 affatus
1241 1605 1503 1670 amicos.
2142 1678 2146 1682 Α

550 1687 684 1764 Quo
712 1710 820 1753 nos
849 1711 1085 1774 cunque
1116 1692 1273 1755 feret
1304 1691 1515 1754 melior
1540 1690 1783 1755 fortuna
1809 1695 2060 1775 parente
2394 1708 2462 1760 25

636 1774 887 1856 Ibimus,
917 1797 953 1840 ο
981 1778 1125 1841 socii
1154 1777 1543 1859 comitesque.

476 1898 488 1908 ·
545 1859 655 1926 Nil
685 1861 1125 1961 desperandum
1153 1863 1388 1926 Teucro
1419 1860 1574 1925 duce
1603 1868 1668 1926 et
1695 1860 1939 1946 auspice
1969 1860 2244 1940 Teucro3

634 1945 853 2011 Certus
886 1948 1044 2011 enim
1073 1949 1344 2032 promisit
1370 1948 1593 2030 Apollo

545 2032 819 2116 Ambigu
821 2053 919 2097 am
946 2034 1162 2097 tellure
1191 2054 1349 2097 nova
1380 2032 1686 2097 Salamina
1710 2033 1999 2096 futuram.

634 2117 689 2182 Ο
718 2118 906 2182 fortes
937 2119 1262 2218 pejoraque
1292 2118 1456 2217 passi
2162 2161 2166 2165 -
2395 2137 2460 2189 ao

545 2201 794 2274 Mecum
822 2225 1003 2288 saepe
1035 2204 1171 2283 viri,
1200 2225 1360 2268 nunc
1390 2205 1530 2267 vino
1558 2203 1761 2287 pellite
1789 2220 2009 2270 ouras·
1986 2247 2012 2282 ,

632 2286 832 2353 Cras
815 2309 1031 2374 mgens
1056 2289 1405 2355 iterabimus
1434 2309 1683 2373 aequor.

1005 2667 1474 2786 οΑΒΜΕὲι
1530 2718 1806 2787 v111.

883 3063 1119 3140 LYD1A‚
1131 3062 1253 3143 dio,
1282 3084 1392 3146 per
1420 3083 1627 3128 omnes

540 3149 631 3216 Te
660 3148 804 3216 deos
834 3171 960 3229 oro,
993 3147 1254 3235 Sybarin
1282 3169 1393 3213 cur
1420 3170 1708 3235 properas
1737 3150 1993 3217 amando

880 3235 1201 3312 Perdere;
1247 3256 1357 3299 cur
1384 3236 1656 3319 apricum
1788 3277 1796 3286 ·

542 3318 762 3387 oderit
788 3341 1067 3407 eampum
1116 3321 1351 3406 patiens
1382 3323 1646 3406 pulveris
1674 3329 1858 3408 atque
1888 3320 2077 3389 solis?

882 3407 1011 3472 Cur
1036 3428 1233 3492 neque
1261 3407 1535 3472 militaris
2415 3426 2450 3477 ις

431 3501 440 3508 ’
539 3489 716 3556 Inter
743 3494 1026 3578 aequales
1056 3495 1308 3579 equitat,
1341 3492 1577 3559 Gallica
1604 3513 1718 3558 nee
1745 3493 1969 3580 lupatis

881 3579 1202 3666 Temperat
1231 3601 1338 3644 ora
1365 3577 1606 3643 frenis?

540 3661 671 3765 Cur
696 3662 871 3730 timet
895 3667 1118 3732 flavum
1146 3666 1408 3732 Tiberim
1439 3663 1744 3750 tangere?
1774 3663 1903 3731 Cur
1930 3663 2151 3730 olivum

860 3750 1183 3852 Sanguine
1214 3753 1482 3838 viperino

540 3821 791 3900 Cautius
818 3837 996 3916 vitat,
1023 3860 1221 3923 neque
1241 3840 1372 3923 jam
1404 3837 1592 3902 livida
1621 3843 1822 3922 gestat
1849 3835 2032 3902 armis
2387 3856 2450 3905 ιο

880 3922 1146 3986 Brachia
1194 3943 1376 4004 saepe
1406 3922 1596 4001 disco,

540 4001 739 4090 Saepe
768 4011 936 4068 trans
962 4005 1143 4068 finem
1165 4007 1370 4091 jaculo
1398 4006 1611 4069 nobilis
1639 4001 1974 4090 expedito?

879 4089 1042 4164 Quid
1070 4089 1241 4168 latet,
1272 4097 1342 4153 ut
1369 4090 1635 4154 marinae

533 4173 757 4240 Filium
787 4175 997 4241 dieunt
1018 4176 1288 4240 Thetidis
1317 4175 1428 4239 sub
1458 4175 1793 4261 lacrymosa
1820 4173 2036 4262 Trojao

879 4262 1125 4326 Funera
1175 4283 1252 4326 ne
1283 4262 1470 4325 virilis
2386 4283 2447 4333 15

539 4343 799 4413 Cultus
781 4370 846 4413 m
875 4348 1124 4414 caedem
1152 4356 1217 4414 et
1242 4348 1466 4435 Lycias
1494 4346 1829 4435 proriperet
1857 4345 2187 4414 catervas?
