2900 6042
1149 1600 1280 1647 un.
1329 1598 1377 1645 1.
1426 1597 1624 1646 cnm.
1676 1599 1799 1647 ΧΙΙ.

1116 1924 1576 1990 CARMEN
1638 1923 1843 1990 XII.

780 2267 972 2342 QUEM
1003 2269 1196 2332 virum
1227 2275 1333 2331 aut
1360 2268 1546 2333 heroa
1573 2268 1710 2349 lyra
1737 2268 1835 2331 vel
1863 2267 1991 2332 acri

777 2355 949 2418 Tibia
977 2355 1160 2419 sumis
1190 2354 1521 2433 celebra-re,
1554 2354 1708 2432 Clio,

775 2439 972 2515 Quem
1002 2439 1229 2505 deum?
1321 2438 1510 2524 Cujus
1539 2441 1773 2505 recinet
1790 2440 2001 2525 jocosa

1128 2526 1368 2588 Nomen
1398 2526 1597 2609 imago

777 2610 912 2675 Aut
939 2611 1003 2675 in
1029 2612 1321 2674 umbrosis
1351 2611 1661 2675 Heliconis
1690 2611 1810 2675 oris

777 2697 914 2762 Aut
941 2718 1123 2780 super
1151 2696 1367 2775 Pindo,
1399 2698 1673 2778 gelidove
1699 2697 1763 2759 in
1792 2696 2030 2760 Haemo

781 2782 963 2847 Unde
994 2783 1265 2846 vocalem
1298 2789 1523 2845 temere
1554 2783 1860 2846 insecutae

1123 2867 1370 2951 Orphea
1399 2868 1585 2932 silvae

780 2953 941 3018 Arte
971 2959 1246 3017 materna
1275 2954 1513 3037 rapidos
1542 2960 1875 3018 morantem

780 3040 1124 3105 Fluminum
1153 3041 1355 3123 lapsus
1387 3041 1735 3124 celeresque
1767 3046 2000 3121 ventos,

779 3126 1083 3191 Blandum
1113 3134 1177 3188 et
1205 3126 1432 3189 auritas
1460 3126 1679 3189 fidibus
1708 3127 1944 3192 canoris

1126 3211 1371 3294 Ducere
1403 3209 1715 3296 quercus?

784 3297 946 3372 Quid
975 3297 1141 3380 prius
1175 3297 1370 3361 dicam
1399 3298 1587 3362 solitis
1629 3299 1897 3384 parentis

784 3384 1117 3462 LaudibuS‚
1148 3384 1251 3467 qui
1281 3406 1377 3448 res
1407 3385 1710 3448 hominum
1739 3406 1811 3449 ac
1843 3384 2115 3464 deorum,

784 3469 903 3544 Qui
931 3490 1098 3534 mare
1130 3490 1200 3533 ac
1232 3477 1424 3534 terras
1455 3471 1755 3554 variisque
1786 3470 2076 3534 mundum

1130 3555 1457 3639 Temperat
1484 3555 1690 3619 horis?

785 3639 964 3706 Unde
992 3640 1077 3704 nil
1106 3643 1299 3726 majus
1330 3651 1659 3725 generatur
1686 3642 1837 3727 ipso,

784 3727 850 3790 N
852 3749 921 3791 ec
953 3728 1121 3810 viget
1149 3728 1476 3811 quidquam
1505 3728 1695 3791 simile
1724 3735 1833 3792 aut
1859 3726 2190 3792 secundum
2207 3747 2229 3791 z

786 3812 1098 3877 Proximos
1127 3812 1214 3875 illi
1243 3821 1446 3875 tamen
1476 3815 1795 3897 occupavit

1129 3897 1331 3960 Pallas
1360 3898 1635 3961 honores,

785 3981 1037 4047 Proeliis
1070 3983 1290 4060 audax,
1320 4004 1518 4067 neque
1549 3992 1610 4047 te
1641 3983 1826 4048 silebo

786 4068 972 4132 Liber
1026 4075 1091 4131 et
1118 4069 1314 4133 saevis
1342 4068 1583 4133 inimica
1609 4069 1806 4154 Virgo

783 4154 993 4220 Beluis
1035 4175 1149 4219 nec
1194 4161 1280 4235 te,
1323 4154 1648 4219 metuende
1679 4163 1849 4221 certa

1131 4239 1377 4305 Phoebe
1408 4242 1652 4326 sagitta.

782 4326 999 4390 Dicam
1030 4333 1094 4390 et
1120 4327 1384 4392 Alciden
1435 4350 1772 4412 puerosque
1802 4326 2033 4409 Ledae,

785 4411 970 4476 Hunc
1002 4414 1193 4496 equiS,
1224 4415 1392 4477 illum
1421 4436 1706 4498 superare
1738 4415 1956 4498 pugnis

704 4496 708 4501 ’
785 4498 850 4562 N
851 4499 1110 4576 obssem
1157 4521 1410 4582 quorum
1439 4501 1613 4563 simul
1643 4501 1780 4564 alba
1808 4501 2009 4565 nautis

1132 4583 1323 4648 Stella
1354 4586 1588 4648 refulsit

787 4667 1018 4734 Defluit
1046 4671 1203 4734 saxis
1233 4671 1497 4753 agitatus
1525 4671 1760 4749 humor,

789 4753 1131 4819 Concidunt
1160 4756 1325 4819 venti
1376 4755 1737 4839 fugiuntque
1768 4756 1981 4835 nubes,

791 4841 876 4904 Et
903 4842 1127 4922 minax,
1110 4841 1318 4992 ,Iquod
1351 4842 1436 4904 sic
1471 4843 1741 4923 voluere,
1771 4849 1952 4927 ponto

1194 4928 1314 4990 nda
1342 4929 1657 4991 recumbit.

790 5013 1113 5078 Romulum
1142 5020 1276 5098 post
1301 5015 1409 5078 hos
1439 5014 1605 5098 prius
1657 5035 1734 5078 an
1763 5013 2035 5099 quietum

790 5097 1047 5184 Pompili
1076 5121 1326 5184 regnum
1357 5121 1682 5165 memorem
1737 5121 1813 5165 an
1843 5101 2132 5186 superbos

2434 1582 2520 1647 11

2466 3058 2530 3111 10

2468 3488 2530 3539 15
