2900 6042
1055 1922 1132 2000 Q.
1191 1921 1566 1989 HORATII
1622 1920 1941 1988 FLACOI

704 2144 2270 2238 EPISTOLARUM

1154 2415 1380 2472 LIBER
1427 2416 1851 2472 SECUNDUS.

1348 2653 1660 2700 4

1156 2829 1702 2940 EPISTOLA
1772 2871 1840 2938 L

464 3051 612 3116 Cum
654 3054 746 3114 tot
789 3046 1091 3112 sustineas
1130 3052 1195 3110 et
1222 3052 1393 3110 tanta
1419 3045 1665 3130 negotia
1691 3045 1874 3127 solus,

467 3138 594 3203 Res
621 3136 811 3201 Italas
840 3132 1018 3198 armis
1049 3132 1286 3211 tuteris,
1313 3132 1577 3196 moribus
1605 3152 1805 3212 orneS,

465 3223 731 3305 Legibus
761 3219 1067 3301 emendes,
1095 3218 1160 3282 in
1189 3218 1433 3302 publica
1463 3217 1775 3281 commoda
1804 3238 2055 3302 peccem

470 3309 538 3373 Si
567 3310 743 3390 longo
775 3327 1046 3370 sermone
1076 3326 1274 3369 morer
1301 3311 1409 3368 tua
1436 3310 1730 3388 tempora,
1762 3302 2007 3368 Caesar.

469 3393 769 3458 Romulus
816 3401 879 3456 et
924 3390 1108 3454 Liber
1153 3398 1330 3474 pater
1373 3398 1438 3455 et
1472 3410 1611 3454 cum
1641 3388 1890 3454 Castore
1921 3389 2159 3472 Pollux,
2510 3412 2548 3465 b

466 3477 614 3542 Post
642 3477 910 3561 ingentia
937 3477 1100 3541 faeta
1126 3476 1375 3540 deorum
1405 3474 1467 3537 in
1499 3476 1722 3559 templa
1750 3476 2004 3560 recepti,

466 3563 632 3630 Dum
660 3571 853 3627 terras
881 3564 1302 3645 bominumque
1334 3562 1539 3625 colunt
1567 3582 1779 3644 genus,
1811 3583 2026 3646 aspera
2051 3562 2212 3628 bella

471 3650 867 3735 Componunt,
899 3670 1076 3732 agros
1106 3650 1434 3731 assignant,
1465 3647 1684 3730 oppida
1713 3646 2003 3728 condunt,

468 3736 791 3800 Ploravere
823 3736 944 3798 suis
974 3758 1091 3798 non
1121 3733 1483 3817 respondere
1515 3733 1780 3796 favorem

472 3821 791 3905 Speratum
823 3822 1068 3884 meritis·
1158 3818 1368 3883 Diram
1400 3819 1504 3902 qui
1533 3818 1805 3882 contudit
1832 3818 2086 3904 hydram
2482 3841 2546 3891 10

471 3908 756 3991 Notaque
787 3908 955 3970 fatali
988 3914 1263 3991 portenta
1290 3906 1494 3970 labore
1524 3905 1786 3988 subegit,

472 3993 780 4077 Comperit
808 3993 1091 4055 invidiam
1119 4013 1397 4077 supremo
1425 3991 1545 4054 fine
1578 3990 1828 4055 domari.

476 4078 615 4143 Urit
644 4079 800 4142 enim
831 4079 1062 4162 fulgore
1097 4099 1204 4141 suo
1257 4079 1360 4162 qui
1394 4084 1758 4162 praegravat
1785 4084 1948 4142 artes

472 4164 646 4227 Infra
673 4186 738 4228 se
769 4165 1028 4247 positas3
1074 4164 1403 4227 exstinctus
1434 4164 1731 4227 amabitur
1757 4164 1937 4228 idem.

473 4250 788 4313 Praesenti
820 4251 924 4313 tibi
953 4257 1216 4313 maturos
1244 4250 1535 4332 largimur
1562 4250 1838 4330 honoreS,
2487 4270 2551 4318 15

469 4336 898 4419 Jurandasque
932 4345 1100 4398 tuum
1130 4357 1238 4418 per
1266 4356 1481 4398 nomen
1511 4336 1782 4419 ponimus
1812 4356 1971 4416 aras,

473 4421 577 4484 Nil
609 4422 900 4485 orit-urum
931 4422 1099 4500 aliae,
1129 4422 1214 4484 nil
1242 4429 1436 4485 ortum
1470 4422 1589 4484 tale
1620 4422 1900 4484 fatentes

477 4506 603 4569 Sed
652 4516 792 4570 tuus
839 4508 932 4571 hic
980 4508 1258 4591 populus,
1303 4507 1545 4590 sapiens
1585 4515 1648 4570 et
1666 4509 1868 4592 justus
1895 4507 1958 4571 in
1988 4528 2131 4592 un0,

473 4593 560 4656 Te
591 4593 807 4656 nostris
837 4594 1110 4672 ducibus,
1140 4601 1200 4657 te
1235 4593 1434 4657 Graiis
1466 4593 1878 4672 anteferendo,

476 4679 699 4742 Cetera
728 4700 1106 4762 nequaquam
1137 4680 1311 4742 simili
1341 4680 1570 4742 ratione
1597 4680 1890 4763 modoque
2490 4699 2558 4750 20

473 4766 800 4843 Aestimat,
835 4772 898 4827 et
922 4766 1031 4828 nisi
1063 4786 1218 4848 quae
1251 4765 1426 4828 terris
1457 4776 1685 4829 semota
1714 4767 1955 4848 suisque

476 4850 865 4935 Temporibus
895 4851 1181 4914 defuncta
1213 4852 1398 4931 videt,
1429 4853 1661 4915 fastidit
1690 4860 1752 4914 et
1782 4851 1948 4930 odit;
