2900 6042
256 1279 321 1347 138
682 1293 872 1344 summurn

255 1455 441 1519 Absterrent
455 1451 569 1517 vitiis.”
615 1450 663 1515 Ex
677 1451 735 1517 hoc
750 1472 807 1536 ego
822 1469 913 1514 sanus
928 1448 1039 1515 abillis

256 1541 426 1607 Perniciem
442 1560 641 1624 quaecunque
655 1539 770 1618 ferunt,
781 1536 982 1601 mediocribus
997 1537 1113 1625 etquis
1264 1550 1312 1603 ιω

256 1627 403 1713 Ignoscas
419 1628 499 1690 vitiis
515 1634 640 1703 teneor;
663 1626 801 1690 fortassis
816 1630 848 1687 et
862 1622 951 1687 istinc

256 1715 400 1798 Largiter
415 1714 574 1778 abstulerit
588 1714 679 1797 longa
695 1720 792 1791 aetas,
806 1711 883 1775 liber
897 1710 1025 1788 amicus,

257 1801 422 1866 Consilium
438 1800 611 1885 proprium3
635 1822 735 1884 neque
751 1799 830 1862 enim
846 1818 917 1860 cum
932 1799 1063 1862 lectulus
1078 1804 1132 1864 eut
1145 1819 1195 1864 me

257 1889 397 1953 Porticus
413 1887 532 1970 excepit
547 1887 653 1951 desum
667 1887 749 1949 mihi.
793 1884 952 1948 “Rectius
966 1884 1023 1948 hoc
1040 1892 1109 1951 ost:

256 1971 326 2041 Hoc
342 1976 457 2040 faciens
473 1974 570 2036 vivam
585 1974 711 2038 melius:
738 1972 788 2037 Sic
803 1971 901 2035 dulcis
915 1970 1018 2035 amicis
1267 1984 1312 2033 1³⁵

259 2062 446 2127 Occurram:
472 2060 540 2123 Hoc
557 2061 680 2144 qnidam
695 2082 755 2123 non
770 2059 867 2121 belle:
891 2058 1038 2142 numquid
1053 2079 1112 2144 ego
1126 2059 1170 2125 illi

256 2149 440 2234 Imprudens
456 2148 525 2211 olim
541 2148 649 2211 faciam
666 2147 761 2211 simile
774 2145 788 2210 ‘l
801 2146 821 2176 ’'
868 2143 958 2209 Haec
973 2165 1031 2229 ego
1044 2166 1166 2213 mecum

259 2235 445 2320 Compressis
461 2235 543 2317 agito
557 2235 670 2311 labris;
692 2235 743 2297 ubi
759 2232 831 2316 quid
847 2230 939 2295 datur
953 2232 996 2297 ou'

258 2321 359 2387 Illudo
374 2322 497 2386 chartis.
543 2321 612 2385 Hoc
628 2329 675 2385 est
689 2318 890 2384 mediocribus
905 2318 966 2383 illis

259 2407 308 2474 Ex
324 2410 403 2473 vitiis
419 2430 534 2488 unum;
558 2409 607 2472 cui
621 2409 646 2472 si
663 2407 831 2472 concedere
847 2405 923 2469 nolis

259 2495 360 2560 Multa
374 2498 532 2581 poitarum
549 2496 651 2560 veniat
664 2516 772 2558 manus
787 2492 897 2558 auxilio
912 2513 992 2577 qnae

261 2581 309 2648 Sit
323 2584 395 2646 mihi
412 2585 501 2667 (nem
514 2584 608 2647 multo
623 2583 725 2666 plures
740 2580 876 2663 sumus),
891 2599 927 2643 ec
944 2578 1039 2645 veluti
1053 2585 1085 2646 te

257 2668 372 2736 Judaei
387 2691 529 2755 cogemus
544 2671 574 2734 in
590 2671 668 2734 hanc
684 2667 851 2734 concedere
867 2667 998 2732 turbam.

673 2922 896 2933 ——.——

596 3054 851 3165 'sunrnn
887 3096 933 3163 v.

258 3268 435 3338 Esunssuu
451 3292 562 3357 magna
575 3294 623 3336 me
640 3272 761 3357 excepit
775 3269 882 3334 Aricia
896 3270 994 3337 Rome

259 3356 399 3442 Hospitio
414 3359 552 3436 modie0;
576 3360 680 3422 rhetor
694 3380 794 3422 comes
810 3357 1006 3437 Heliodorus,

260 3442 446 3508 Graecorum
462 3447 549 3529 longe
566 3446 755 3509 doctissimus
769 3465 777 3522 3
799 3445 871 3508 inde
886 3445 999 3511 Forum
1014 3443 1109 3533 Appi,

258 3530 420 3595 Differtum
436 3533 535 3595 nautis
550 3533 734 3616 cauponibus
750 3540 842 3616 atque
858 3533 1005 3616 malignis.

258 3615 328 3681 Hoc
344 3618 403 3681 iter
418 3618 518 3701 ignavi
536 3618 701 3697 divisimus
717 3619 808 3682 altius
823 3639 859 3682 ac
875 3640 930 3683 uos
1295 3632 1312 3682 t

259 3703 450 3768 Praecinctis
465 3726 579 3782 unum3
603 3706 701 3769 minus
714 3711 761 3768 est
776 3705 878 3788 graiis
893 3704 997 3791 Appia
1011 3703 1116 3772 tardis.

258 3787 320 3852 Hic
336 3810 394 3873 ego
409 3799 532 3874 propter
546 3812 667 3874 aquam,
683 3791 764 3874 quod
780 3799 847 3855 crat
862 3792 1036 3872 deterrime,
1052 3792 1151 3859 ventri

258 3874 367 3938 Indico
381 3876 505 3953 bellurn,
523 3885 686 3961 coenantes
701 3877 783 3940 haud
799 3879 898 3942 animo
913 3898 1011 3962 aequo

259 3960 449 4044 Exspectans
464 3964 598 4026 comites.
643 3963 664 4027 J
667 3985 716 4027 nm
730 3986 790 4026 nox
804 3965 949 4028 inducere
964 3965 1054 4031 terris

259 4045 391 4111 Umbras
407 4054 438 4110 et
453 4050 537 4111 eaelo
553 4050 721 4113 diffundere
739 4051 826 4132 signa
841 4053 990 4134 parabat3

258 4133 337 4196 Tum
353 4134 438 4216 pueri
453 4135 563 4213 nautis,
579 4136 680 4219 pueris
696 4137 832 4199 convicia
845 4146 957 4201 nautae

259 4217 416 4302 Ingercre.
464 4220 535 4284 IIuc
554 4221 691 4305 appelle!
739 4222 904 4287 Trecentos
918 4224 1048 4288 inseris:
1072 4225 1129 4289 ohe

258 4304 280 4368 J
282 4327 330 4368 nm
345 4306 418 4370 sutis
436 4305 504 4371 est!
549 4306 631 4371 Dum
647 4330 699 4371 aes
715 4309 861 4391 exigitur,
877 4309 949 4372 dum
965 4310 1048 4374 mula
1061 4311 1186 4395 ligetur,

259 4390 337 4455 Tota
351 4392 414 4454 abit
428 4393 512 4455 horn.
559 4394 635 4456 Mali
650 4395 763 4458 culices
778 4417 931 4478 ranaeque
948 4398 1098 4480 palustres

258 4476 415 4541 Averlunt
429 4500 558 4558 somnos,
576 4481 731 4544 absentem
747 4490 781 4544 ut
796 4490 900 4546 cantat
915 4483 1043 4548 amicam
1282 4501 1313 4555 re

259 4561 360 4626 Multa
375 4566 511 4647 prolutus
527 4587 625 4650 vappa
640 4576 734 4630 nauta
749 4577 842 4651 utque
859 4569 956 4632 viator

260 4648 418 4715 Certatim.
464 4650 600 4716 Tandem
614 4654 710 4717 sessus
727 4654 856 4718 dormire
872 4655 970 4718 viator

260 4734 384 4819 Incipit,
400 4757 435 4800 ac
451 4738 559 4801 missae
575 4746 694 4823 pastum
709 4741 878 4805 retinacula
892 4742 992 4805 mulae

260 4819 294 4887 N
295 4829 368 4886 aute
382 4822 470 4908 piger
483 4844 556 4888 sexo
571 4825 681 4910 religet
695 4826 854 4912 stertitque
870 4828 1004 4913 supinus
