2900 6042
237 1356 299 1421 140
664 1370 850 1420 sannarum

238 1526 288 1592 Sic
304 1527 425 1589 mutilus
441 1524 586 1589 miniteris
597 1521 633 1588 ?’'
655 1525 701 1589 At
715 1527 756 1589 illi
772 1526 860 1590 foeda
880 1526 1004 1591 cicatrix

238 1613 375 1678 Setosam
388 1614 466 1677 laevi
482 1613 610 1676 frontem
626 1619 801 1696 turpaverat
822 1614 891 1677 oris.

238 1699 423 1783 Campanum
438 1699 469 1760 in
485 1699 630 1773 morbum,
646 1698 676 1760 in
691 1699 799 1761 faciem
814 1700 963 1783 permulta
972 1701 1105 1784 jocatus,

238 1786 393 1848 Pastorem
409 1787 533 1847 saltaret
548 1785 592 1847 uti
608 1783 742 1867 Cyclopa
768 1786 912 1868 rogabat:

237 1871 291 1935 Nil
305 1873 346 1934 illi
361 1873 445 1933 hura
460 1879 513 1933 aut
529 1870 650 1952 tragicis
664 1891 739 1954 opus
754 1892 819 1934 esse
835 1870 998 1934 cothurnis.

180 1968 213 1997 ·„
238 1957 338 2023 Multa
354 1956 506 2020 Cieirrhus
522 1957 560 2019 ad
576 1956 671 2018 haec:
696 1956 836 2019 donasset
845 1958 948 2041 jamne
965 1963 1102 2023 catenam

239 2044 286 2106 For
302 2050 371 2104 voto
388 2042 526 2119 Laribus,
542 2042 727 2125 quaerebat3
750 2043 848 2105 scriba
862 2043 942 2126 quod
957 2050 1048 2124 esset,

238 2126 341 2190 Nihilo
358 2128 636 2190 deteriusdominae
648 2129 699 2213 jus
715 2149 788 2191 esse.
809 2126 949 2211 Rogabat

239 2214 377 2297 Denique
405 2235 459 2275 cur
474 2234 605 2296 unquam
620 2214 759 2297 fugisset,
774 2214 823 2277 oui
838 2214 910 2277 satis
924 2234 985 2277 una

239 2299 341 2361 Farris
357 2299 432 2361 libra
446 2299 525 2362 foret
551 2299 655 2381 gracili
670 2299 714 2362 sio
729 2304 851 2382 tamque
865 2299 983 2383 pusillo.

239 2386 366 2447 Prorsus
375 2384 511 2468 jucunde
526 2405 649 2447 coenam
670 2384 864 2469 produximus
878 2386 969 2448 illam.

239 2471 401 2533 Tendimus
416 2471 485 2533 hinc
499 2476 585 2533 reeta
599 2469 819 2549 Beneventum,
834 2471 886 2533 ubi
900 2470 1023 2534 sedulus
1040 2470 1148 2558 hospes

239 2556 342 2620 Paene
357 2576 472 2620 macros
487 2556 560 2619 arsit
575 2555 646 2619 dum
663 2556 767 2620 turdos
783 2564 884 2619 versat
897 2557 929 2620 in
943 2556 1024 2640 igni:

238 2642 320 2706 Nam
335 2663 413 2725 vaga
426 2662 482 2726 per
496 2649 629 2704 veterem
645 2641 759 2727 dilapso
772 2642 892 2706 flamma
906 2643 1035 2707 culinam

239 2729 377 2793 Vulcano
392 2749 539 2791 summum
554 2728 733 2813 properabat
747 2729 877 2792 lambere
895 2736 1020 2792 tectum.

240 2814 388 2878 Convivas
403 2814 504 2877 avidos
519 2834 643 2877 coenam
658 2835 819 2898 servosque
835 2815 974 2878 timentes

239 2900 316 2964 Tum
331 2908 544 2983 rapere-atque
560 2921 661 2963 omnes
675 2900 864 2983 restinguere
883 2902 960 2965 vello
975 2900 1104 2965 videres.

191 3003 218 3053 ’,κ
240 2985 351 3069 Incipit
365 3007 401 3047 ex
421 2986 470 3048 illo
486 2993 601 3047 montes
616 2986 729 3079 Apulia
746 2994 830 3049 notos

241 3070 402 3135 Ostentare
418 3071 500 3149 mihi,
516 3091 590 3155 quos
604 3079 698 3135 torret
714 3072 865 3135 Atabulus
879 3076 911 3133 et
925 3092 1000 3154 quos

240 3157 405 3240 Nunquam
420 3178 591 3240 erepsemus
617 3157 674 3220 nisi
689 3179 743 3220 nos
759 3157 856 3220 vicina
871 3156 982 3221 Trivici

241 3242 323 3308 Villa
338 3244 512 3326 recepisset,
524 3244 679 3308 lacrimoso
694 3265 753 3306 non
768 3244 831 3306 sine
846 3243 938 3323 fumo,

240 3328 325 3392 Udos
341 3349 408 3392 eum
423 3329 500 3391 foliis
515 3350 612 3393 ramos
628 3337 734 3392 urente
750 3330 875 3392 camino.

240 3414 301 3478 Hic
317 3436 373 3497 ego
388 3415 563 3478 mendacem
579 3416 769 3478 stultissimus
784 3436 879 3498 usque
891 3414 1021 3498 puellam

240 3501 292 3564 Ad
307 3501 435 3564 mediam
450 3509 568 3565 noctem
583 3508 746 3585 exspecto;
769 3521 888 3565 somnus
904 3510 1004 3564 tamen
1019 3501 1119 3567 aufert

240 3587 395 3650 Intentum
411 3588 532 3663 veneri3
555 3594 619 3650 tum
633 3588 785 3650 immundo
800 3586 913 3650 somnia
927 3586 993 3650 visu

239 3673 427 3738 Noctumam
441 3680 556 3738 vestem
569 3675 721 3737 maculant
736 3680 930 3756 ventremque
952 3673 1101 3757 supinam.

240 3758 390 3833 Quattuor
399 3760 470 3824 hinc
483 3761 616 3844 rapimur
625 3759 733 3842 viginti
743 3767 775 3822 et
790 3760 870 3822 milia
885 3758 997 3838 rhedis,

239 3845 375 3909 Mansuri
393 3846 532 3930 oppidulo
559 3846 638 3929 quod
654 3867 744 3908 versu
759 3845 859 3908 dicere
874 3866 934 3907 non
950 3851 1007 3925 est,

241 3930 341 4013 Signis
357 3932 500 4015 perfacile
517 3939 580 3994 est:
605 3932 688 3994 venit
703 3932 843 3994 vilissima
858 3952 958 3993 rerum

239 4016 299 4079 Hic
317 4038 391 4100 aqua
402 4037 411 4093 3
421 4017 475 4080 sed
490 4018 575 4100 panis
589 4017 677 4097 longe
693 4018 921 4100 pulcherrimus,
937 4017 1016 4080 ultra

240 4102 372 4165 Callidus
382 4112 416 4164 ut
430 4104 524 4166 soleat
538 4103 669 4166 humeris
684 4110 803 4185 portare
816 4103 911 4165 viator
924 4122 932 4178 ;

239 4187 271 4251 N
273 4210 320 4249 am
337 4187 448 4251 Canusi
462 4188 624 4271 lapidosus,
641 4207 736 4271 aquae
751 4210 810 4251 non
825 4189 914 4250 ditior
932 4208 1009 4252 urna

240 4273 299 4346 Qui
314 4275 395 4336 locus
411 4275 512 4337 aforti
527 4272 672 4337 Diomede
688 4281 735 4337 est
750 4274 886 4337 conditus
902 4274 981 4336 olim.

238 4359 393 4422 Flentibus
408 4359 478 4422 hinc
495 4359 609 4422 Varius
625 4359 754 4423 discedit
769 4367 902 4422 maestus
918 4360 1030 4424 amicis.

238 4444 315 4507 Inde
332 4446 434 4506 Rubos
449 4445 520 4507 fessi
535 4445 723 4527 pervenimus
749 4453 853 4527 utpote
869 4447 991 4527 longum

240 4530 406 4612 Carpentes
421 4530 479 4592 iter
494 4538 525 4593 et
539 4531 653 4593 fectum
668 4531 836 4614 corruptius
851 4530 948 4592 imbri.

239 4616 366 4679 Postera
381 4622 542 4699 tempestas
557 4617 671 4694 melior,
686 4617 736 4678 via
750 4617 834 4699 pejor
849 4616 887 4679 ad
903 4635 998 4698 usque

239 4701 313 4764 Bari
327 4700 445 4763 moenia
459 4701 565 4783 piscosi
580 4720 588 4776 3
612 4701 682 4764 dein
698 4700 810 4766 Gnatia
825 4701 954 4785 lymphis

240 4783 329 4849 [ratis
345 4792 498 4863 exstructa
512 4786 598 4848 dedit
610 4786 746 4870 risusque
757 4789 913 4871 jocosque,

240 4867 320 4935 Dum
347 4872 466 4935 flamma
479 4873 543 4936 sine
560 4871 650 4935 thura
663 4873 829 4958 liquescere
851 4872 952 4935 limine
967 4891 1064 4951 sacro,
