2900 6042
1101 1451 1229 1499 LIB-
1275 1452 1348 1501 n.
1395 1452 1530 1502 SAT-
1575 1454 1638 1502 V.

1105 1774 1489 1843 SATIRA
1561 1779 1648 1843 V.

320 1963 367 2002 “
390 1960 537 2026 Hoo
569 1981 832 2045 quoque,
862 1960 1119 2038 Tiresia,
1151 1968 1395 2045 praeter
1424 1969 1673 2027 narrata
1702 1962 1934 2048 petenti

319 2048 668 2132 Responde,
701 2048 917 2131 quibus
948 2049 1195 2111 amissas
1225 2069 1511 2132 reparare
1543 2071 1763 2134 queam
1794 2071 1893 2114 res

318 2135 576 2200 Artibus
590 2144 790 2234 ‘atque
822 2134 1029 2198 modis.
1124 2134 1285 2209 Quid
1318 2134 1529 2199 rides?
1552 2137 1593 2166 ”
1686 2143 1726 2173 “
1748 2135 1795 2201 J
1797 2158 1973 2200 amne
2005 2135 2210 2203 doloso

317 2220 386 2286 N
386 2244 463 2284 on
493 2221 639 2284 satis
669 2234 763 2284 est
792 2221 1068 2285 Ithacam
1098 2222 1307 2288 revehi
1338 2222 1683 2307 patriosque
1717 2231 1968 2322 penates

201 2357 204 2361 -
316 2308 497 2392 Adsp
497 2308 702 2371 icere.
682 2308 768 2353 ‘2'’
833 2313 900 2349 ·‘
884 2307 978 2372 Ο
1010 2309 1158 2371 nulli
1191 2309 1521 2393 quidquam
1550 2309 1824 2388 mentite,
1857 2309 2025 2374 vides
2054 2316 2125 2374 ut

316 2331 584 2458 Nudus
569 2415 859 2478 inopsque
892 2394 1133 2458 domum
1164 2394 1435 2473 redeam,
1468 2404 1528 2458 te
1563 2407 1724 2474 vate,
1750 2417 1948 2480 neque
1979 2397 2100 2461 illic

315 2485 452 2546 Aut
481 2483 777 2565 apotheca
793 2481 1031 2580 ⁸‘procis
1034 2481 1265 2543 intacta
1295 2489 1389 2545 est
1418 2491 1526 2544 aut
1557 2502 1777 2565 pecus3
1825 2483 1995 2566 atqui

315 2565 404 2632 Et
434 2589 626 2652 genus
658 2582 721 2630 et
755 2590 845 2630 vu
848 2579 944 2630 tus
975 2567 1087 2630 nisi
1121 2588 1259 2630 cum
1289 2589 1355 2630 re
1390 2568 1559 2630 vilior
1588 2568 1690 2631 alu
1648 2589 1728 2651 ga
1758 2568 1917 2632 est.'’

314 2658 358 2692 ‘⁶
383 2654 641 2728 Quando
675 2653 1051 2738 pauperiem,
1081 2653 1275 2716 missis
1306 2654 1683 2736 ambagibus,
1713 2655 1945 2734 horres,

320 2741 555 2825 Accipe
587 2760 709 2824 qua
738 2741 968 2803 ratione
999 2761 1189 2823 queas
1220 2740 1539 2804 ditescere.
1575 2792 1582 2797 .
1634 2739 1877 2805 Turdus

319 2825 464 2892 Sive
496 2826 659 2891 aliud
692 2828 926 2910 privum
957 2826 1200 2891 dabitur
1231 2828 1360 2906 tibi,
1392 2827 1633 2890 devolet
1661 2827 1805 2892 illuc

314 2912 446 2978 Res
473 2913 577 2976 ubi
607 2934 830 2996 magna
858 2913 1012 2976 nitet
1041 2913 1279 2977 domino
1309 2936 1500 2993 sene,
1483 2934 1497 2948 ·
1547 2914 1748 2977 dulcia
1778 2934 1955 2998 poma

314 3000 401 3065 Et
431 3021 822 3085 quoscunque
855 3000 1013 3063 feret
1043 3002 1243 3064 cultus
1275 3000 1380 3063 tibi
1413 2999 1637 3064 fundus
1668 3001 1924 3066 honores

313 3086 484 3151 Ante
515 3087 738 3151 Larem
768 3093 975 3170 gustet
1008 3087 1402 3151 venerabilior
1432 3086 1590 3149 Lare
1624 3086 1837 3152 dives·
1821 3136 1839 3165 ,

317 3171 436 3248 Qui
465 3173 737 3258 quamvis
767 3174 1048 3258 perjurus
1080 3175 1217 3251 erit,
1253 3174 1381 3238 siue
1414 3182 1621 3256 gente,
1653 3184 1943 3240 cruentus

319 3257 629 3343 Sanguine
660 3261 953 3339 fraternO,
985 3261 1298 3344 fugitivus,
1329 3282 1406 3324 ne
1439 3272 1643 3324 tamen
1678 3261 1767 3324 illi

315 3345 412 3411 Tu
441 3367 641 3411 comes
673 3348 935 3411 exterior
965 3349 1013 3411 si
1047 3348 1351 3431 postulet
1337 3369 1426 3410 ire
1459 3347 1751 3411 recuses!

315 3437 359 3471 ‘⁴
390 3433 555 3498 Utne
587 3441 791 3516 tegam
822 3456 1040 3516 spurco
1073 3433 1305 3497 Damae
1338 3433 1545 3497 latus?
1638 3432 1826 3496 Haud
1856 3433 1945 3497 ita
1974 3433 2193 3517 Trojae

314 3518 425 3585 Me
456 3520 615 3604 gessi
646 3532 890 3583 certans
922 3543 1163 3603 semper
1193 3522 1556 3584 melioribus.
1565 3520 1603 3548 '’
1697 3525 1737 3556 ‘⁶
1721 3520 1925 3602 ‘Ergo

313 3606 562 3692 Pauper
591 3608 753 3670 eris?
871 3613 912 3644 “
937 3606 1184 3670 Fortem
1214 3609 1326 3671 hoc
1352 3607 1617 3669 animum
1649 3606 1909 3670 tolerare
1928 3605 2200 3691 jubebo·
2182 3652 2203 3685 ,

313 3690 400 3757 Et
431 3694 736 3793 quondam
767 3695 996 3777 majora
1028 3695 1157 3755 tuli.
1251 3694 1344 3756 'lu
1378 3692 1646 3775 protinus
1678 3691 1838 3755 unde

312 3779 575 3844 Divitias
605 3781 882 3863 aerisque
914 3801 1086 3842 ruam
1118 3780 1237 3854 dic,
1270 3800 1490 3860 augur,
1521 3778 1813 3841 acervos!

313 3872 354 3904 ‘⁶
384 3866 528 3931 Dixi
558 3866 841 3951 equidem
872 3873 935 3928 et
965 3865 1136 3928 dico:
1186 3878 1394 3948 captes
1424 3878 1661 3926 astutus
1694 3865 1915 3948 ubique

313 3952 707 4026 Testamenta
737 3973 973 4029 senum,
1004 3973 1145 4028 neu,
1177 3952 1228 4015 si
1260 3952 1429 4014 vafer
1460 3973 1614 4014 unus
1645 3960 1708 4014 et
1737 3951 1894 4015 alter

313 4039 742 4104 Insidiator-em
773 4059 1056 4123 praeroso
1086 4039 1312 4120 fugerit
1341 4038 1541 4117 hamo,

313 4127 449 4190 Aut
479 4147 650 4209 spem
681 4124 949 4207 deponas
981 4136 1088 4188 aut
1117 4138 1310 4188 artem
1342 4125 1553 4188 illusus
1584 4124 1847 4188 omittas.

315 4211 551 4295 Magna
579 4212 849 4275 minorve
880 4212 1009 4275 foro
1040 4212 1090 4274 si
1121 4233 1221 4275 res
1251 4212 1586 4275 certabitur
1614 4212 1777 4287 olim,

316 4298 507 4362 Vivet
536 4307 674 4361 uter
709 4298 975 4382 locuples
1005 4299 1134 4361 sine
1168 4299 1347 4398 natiS,
1379 4299 1706 4381 improbus,
1739 4298 1899 4361 ultro

317 4385 435 4459 Qui
466 4385 774 4448 meliorem
802 4385 1003 4448 audax
1035 4395 1209 4448 vocet
1240 4387 1302 4448 in
1325 4385 1450 4467 jus,
1482 4385 1640 4447 illius
1671 4397 1801 4447 esto

316 4472 655 4549 Defensor3
704 4472 867 4535 fama
882 4473 1090 4543 civem
1121 4493 1424 4571 causaque
1461 4472 1740 4573 priorem

320 4557 578 4643 Sperne,
609 4519 768 4621 d’omi
800 4558 850 4622 si
882 4572 1059 4620 natus
1092 4558 1209 4621 erit
1236 4554 1574 4621 fecundave
1606 4558 1843 4642 conjux.

317 4644 566 4725 Quinte,
598 4654 767 4729 puta,
800 4652 906 4707 aut
938 4645 1137 4721 Publi,
1174 4645 1485 4727 (gaudent
1515 4643 1900 4727 praenomine
1930 4642 2139 4707 molles

316 4732 717 4815 Auriculae,)
755 4731 863 4794 tibi
892 4752 988 4794 me
1024 4731 1214 4794 virtus
1245 4740 1352 4794 tua
1380 4730 1528 4793 fecit
1558 4732 1855 4793 amicum·
1839 4777 1857 4806 ,

315 4818 359 4883 J
364 4840 434 4881 us
463 4839 688 4902 anceps
717 4818 880 4897 novi,
912 4838 1128 4881 causas
1159 4817 1490 4880 defendere
1521 4836 1797 4900 possum·
1781 4863 1798 4893 ,

317 4904 556 4989 Eripiet
584 4904 781 4989 quivis
810 4906 1017 4968 oculos
1047 4905 1225 4967 citius
1257 4903 1422 4979 mihi,
1455 4923 1638 4986 quam
1670 4912 1730 4966 te

319 4991 748 5077 Contemptum
780 5011 955 5057 cassa
983 5011 1141 5141 nfge
1171 4997 1509 5076 pauperet3
1554 4989 1704 5055 haec
1735 5009 1874 5057 mea
1902 5009 2052 5054 eura
2079 4994 2198 5075 est,

2293 1437 2423 1504 169

2361 2760 2423 2812 1⁰
