2900 6042
191 1267 254 1333 156
617 1284 801 1335 summurn

193 1439 226 1503 Si
241 1440 307 1523 quis
322 1460 402 1504 nunc
417 1461 536 1523 mergos
551 1461 659 1505 suaves
674 1442 802 1505 edixerit
816 1463 909 1522 assos,

191 1525 314 1588 Parebit
329 1526 413 1609 pravi
428 1525 532 1589 docilis
548 1527 683 1590 Romana
692 1530 848 1612 juventus.

193 1610 337 1674 Sordidus
350 1615 371 1673 'a
386 1612 468 1673 tenui
484 1612 565 1674 victu
581 1613 714 1692 distabit,
733 1612 834 1675 Ofella

190 1696 212 1759 J
214 1692 301 1759 udice
315 1719 322 1758 :
346 1719 414 1759 uam
432 1698 542 1765 frustra
558 1699 661 1760 vitium
677 1699 819 1761 vitaveris
833 1697 907 1761 illud

192 1780 225 1845 Si
241 1790 271 1844 te
287 1782 344 1844 alio
362 1803 485 1864 pravum
501 1784 672 1847 detorseris.
720 1785 898 1861 Avidienus‚

192 1866 249 1930 Cui
264 1866 354 1930 Canis
370 1889 407 1930 ex
422 1890 493 1931 vero
509 1868 622 1931 dictum
637 1889 802 1951 cognomen
817 1869 973 1945 adhaeret,

191 1951 405 2035 Quinquennes
421 1954 501 2016 oleas
516 1963 563 2017 est
577 1963 609 2017 et
622 1955 772 2018 silvestria
787 1975 888 2033 corna,

190 2041 239 2101 Ae
255 2039 310 2101 nisi
326 2047 474 2101 mutatum
488 2041 585 2121 parcit
597 2040 765 2103 defundere
781 2042 894 2117 vinum,
909 2047 952 2120 et,

192 2122 285 2207 Cujus
300 2123 420 2186 odorem
436 2125 493 2187 olei
506 2146 640 2208 nequeas
654 2127 799 2210 perferre,
814 2124 919 2188 licebit
1028 2156 1035 2168 ·

191 2207 247 2271 Ille
262 2209 377 2292 repotia
403 2211 519 2272 natales
546 2211 655 2274 aliosve
671 2211 787 2274 dierum

191 2293 297 2356 Festos
311 2295 428 2358 albatus
443 2295 586 2373 celebret,
601 2319 696 2361 eomu
710 2300 775 2383 ipse
790 2295 890 2362 bilibri

192 2378 335 2442 Caulibus
349 2381 483 2456 instillat,
501 2383 611 2444 veteris
625 2404 685 2445 nou
699 2403 809 2466 pareus
824 2381 913 2444 aceti.

192 2462 280 2537 Quali
295 2465 387 2548 igitur
402 2467 484 2530 victu
498 2468 617 2551 sapiens
632 2474 745 2545 utetur,
761 2467 913 2530 ethorum

192 2549 303 2614 Utrum
317 2551 508 2615 imitabitur?
553 2553 621 2615 Hac
637 2560 728 2635 urget
741 2555 843 2635 lupus,
858 2552 915 2616 hae
931 2550 1023 2629 oanis,
1037 2550 1135 2617 alunt.

192 2630 395 2700 Mundus‘erit
410 2657 472 2722 qua
487 2658 547 2701 non
561 2638 691 2701 offendat
705 2639 852 2716 sordibus,
867 2644 958 2720 atque

192 2721 231 2784 In
245 2730 384 2785 neutram
399 2730 513 2806 partem
530 2725 628 2786 cultus
643 2725 743 2786 miser.
789 2723 850 2786 Hic
864 2744 963 2808 neque
980 2722 1087 2806 servis,

192 2807 300 2869 Albuti
314 2808 393 2870 senis
408 2809 554 2891 exemplo,
570 2809 641 2871 dum
655 2810 756 2872 munia
771 2808 848 2871 didit

195 2888 310 2954 Saevus
325 2892 396 2967 erit;
420 2910 477 2953 nee
494 2894 536 2956 sie
551 2902 586 2956 ut
600 2895 724 2978 simplex
740 2895 875 2957 Naevius
901 2900 1023 2958 unctum

194 2975 333 3041 Convivis
348 2978 502 3060 praebebit
517 2999 645 3062 aquam:
671 2981 774 3043 vitium
789 2980 844 3044 hoe
860 3000 978 3064 quoque
993 3000 1145 3066 magnum.

192 3062 309 3145 Accipe
324 3083 404 3126 nune
431 3064 527 3126 rietus
543 3065 640 3127 tenuis
657 3087 734 3148 quae
750 3075 922 3150 quantaque
937 3086 1041 3129 seeum

193 3147 321 3210 Afferat.
366 3147 404 3210 In
419 3149 520 3231 primis
535 3151 636 3213 valeas
649 3150 747 3214 bene:
771 3173 840 3214 nam
856 3151 955 3214 variae
970 3171 1019 3215 res

194 3231 241 3296 Ut
254 3241 384 3296 noceant
397 3234 508 3297 homini
536 3236 642 3299 credas
668 3258 782 3299 mernor
797 3238 875 3300 illius
889 3257 977 3300 escae

194 3316 279 3391 Quae
295 3319 421 3402 simplex
435 3321 504 3383 olim
515 3322 568 3383 tibi
583 3322 715 3398 sederit3
739 3332 771 3384 at
786 3323 873 3385 simul
888 3322 963 3385 assis

193 3402 352 3468 Miscueris
367 3406 455 3483 elixa,
470 3407 558 3469 simul
572 3408 730 3491 conchylia
745 3408 852 3486 turdis,

193 3489 304 3554 Dulcia
316 3511 349 3553 se
364 3490 396 3553 in
410 3492 500 3554 bilem
514 3500 634 3555 vertent
648 3494 860 3575 stomachoque
876 3491 1036 3555 tumultum

193 3574 291 3639 Lenta
306 3577 384 3640 seret
397 3577 514 3660 pituita.
560 3579 667 3656 Vides,
682 3587 716 3640 ut
731 3579 859 3662 pallidus
874 3578 969 3641 omnis

194 3660 297 3725 (leena
312 3661 455 3744 desurgat
468 3663 585 3726 dubia?
631 3664 710 3736 Quin
726 3685 834 3748 eorpus
849 3669 989 3729 onustum

192 3746 354 3811 Hesteruis
368 3748 447 3812 vitiis
463 3749 592 3811 animum
608 3770 727 3832 quoque
739 3755 922 3832 praegravat
936 3767 1008 3828 una,

192 3832 297 3916 Atque
312 3834 406 3917 affigit
420 3834 509 3896 humo
524 3834 641 3897 divinae
657 3835 834 3917 particulam
849 3855 952 3897 aurae.

192 3917 283 3982 Alter
309 3919 360 3981 ubi
373 3919 453 3983 dicto
468 3920 557 3982 citius
571 3926 676 3984 curata
689 3919 785 4001 sopori

193 4001 331 4066 Membra
346 4003 430 4067 dedit
457 4011 581 4086 vegetus
596 4003 781 4086 praescripta
795 4002 833 4065 ad
848 4001 950 4064 munia
964 4001 1072 4085 surgit.

192 4086 254 4151 Hie
270 4097 370 4152 tamen
385 4089 424 4152 ad
439 4090 544 4151 melius
560 4089 668 4171 poterit
683 4097 889 4151 transcurrere
905 4087 1066 4170 quendam,

195 4170 265 4238 Sive
282 4174 360 4237 diem
375 4174 484 4237 festum
500 4173 618 4236 rediens
633 4172 789 4236 advexerit
804 4193 910 4251 annus,

195 4257 257 4322 Seu
272 4279 410 4322 recreare
426 4260 506 4322 volet
520 4266 676 4327 tenuatum
692 4279 811 4342 corpus,
825 4258 937 4341 ubique

193 4342 354 4408 Accedent
368 4345 438 4407 anni
453 4353 484 4407 et
499 4346 622 4419 tractari
637 4345 753 4407 mollius
768 4351 852 4407 aetas

193 4427 350 4492 Imbecilla
363 4431 444 4493 volet
456 4450 464 4505 3
487 4431 542 4492 tibi
556 4430 698 4513 quidnam
713 4429 839 4493 accedet
854 4428 893 4492 ad
908 4427 996 4491 istam

194 4512 293 4588 Quam
306 4536 382 4599 puer
396 4524 427 4579 et
442 4515 557 4579 validus
573 4515 737 4598 praesumis
760 4515 924 4591 mollitiem,
939 4535 995 4577 seu

194 4599 281 4663 Dura
297 4602 437 4664 valetudo
451 4602 590 4664 inciderit
604 4622 657 4663 seu
673 4600 760 4663 tarda
774 4598 937 4663 senectus?

194 4683 363 4750 Rancidum
377 4709 482 4771 aprum
497 4687 610 4770 antiqui
626 4687 801 4764 laudabant,
816 4706 875 4749 nen
890 4685 961 4768 quia
974 4703 1065 4748 nasus

195 4769 260 4836 Illis
274 4772 374 4836 nullus
389 4781 455 4836 erat
480 4772 534 4837 sed
561 4772 652 4836 credo
678 4773 735 4836 hae
750 4780 861 4850 mente,
877 4769 957 4854 quod
970 4769 1079 4854 hospes
