2900 6042
804 1280 982 1362 crmmm'

623 1468 779 1533 Interfusa
792 1469 924 1533 nitentes

670 1554 760 1620 Vites
775 1576 908 1639 aequora
922 1554 1084 1642 Cycladas.
1205 1598 1208 1602 -

708 1986 943 2054 CARMEN
974 1987 1062 2055 XV.
1135 2050 1136 2053 ,

538 2334 667 2400 Piston
689 2350 759 2393 cum
781 2330 919 2396 traheret
938 2351 994 2416 per
1009 2331 1089 2396 freta
1102 2332 1229 2398 navibus

537 2418 639 2485 Idaeis
653 2417 794 2480 Helenen
809 2416 941 2501 perfidus
955 2417 1114 2504 hospitam,

538 2505 663 2588 Ingrato
678 2504 793 2567 celeres
808 2503 906 2565 obnuit
920 2503 980 2566 otio

580 2590 699 2654 Ventos
723 2596 760 2652 ut
774 2596 897 2652 caneret
911 2589 977 2652 fera

537 2675 659 2740 Nereus
673 2675 757 2737 fata:
779 2673 864 2736 Mala
878 2673 963 2737 ducis
978 2674 1027 2738 avi
1041 2673 1161 2738 demum

540 2760 639 2836 Quam
652 2761 747 2822 multo
761 2759 879 2843 repetet
894 2758 1024 2824 Graecia
1038 2761 1142 2841 milite,

540 2845 705 2929 (lonjurata
720 2852 788 2908 tues
804 2866 942 2928 rumpere
958 2845 1077 2930 nuptias

583 2932 626 2996 Et
640 2951 768 3014 regnum
782 2930 895 2993 Priami
908 2939 1006 2995 vetus.

540 3016 614 3081 Heu
639 3017 700 3080 heu
727 3024 860 3100 quantus
880 3016 979 3102 equis,
1000 3023 1130 3102 quantus
1144 3017 1232 3083 adest

540 3102 640 3169 Sudor
653 3101 660 3168 l
684 3109 798 3186 quanta
811 3124 913 3167 moves
926 3105 1034 3167 fimera
1047 3103 1211 3168 Dardanae

539 3187 654 3255 Genti!
698 3188 720 3252 J
723 3210 770 3251 a1n
782 3189 899 3271 galeam
914 3190 1016 3253 Pallas
1030 3197 1062 3253 et
1076 3190 1185 3273 aegida

582 3275 757 3357 Currusque
772 3281 805 3337 et
819 3275 932 3338 rabiem
945 3282 1043 3360 parat.

538 3358 752 3446 Nequicquam
778 3359 908 3424 Veneris
923 3361 1072 3445 praesidio
1086 3361 1172 3425 ferox

538 3444 649 3511 Pectes
664 3446 828 3510 caesariem
854 3454 1004 3530 grataque
1018 3447 1136 3511 feminis

538 3531 658 3597 Imbelli
672 3533 788 3596 cithara
803 3533 937 3596 carmina
951 3533 1087 3613 divides3

578 3618 789 3704 Nequicquam
806 3619 936 3683 thalamo
952 3640 1062 3702 graves

536 3703 650 3769 Hastas
665 3713 697 3769 et
711 3705 819 3769 calami
833 3706 949 3789 spicula
964 3705 1080 3771 Onossii

536 3789 656 3856 Vitabis
682 3791 900 3875 strepitumque
927 3798 959 3854 et
974 3793 1104 3855 celerem
1117 3793 1205 3879 sequi

536 3874 685 3961 Ajacem3
707 3884 809 3938 tamen
822 3877 883 3939 heu
897 3897 983 3940 serus
997 3877 1151 3944 adulteros

581 3960 689 4025 Crines
703 3962 827 4044 pulvere
842 3962 974 4025 colliues.
1048 3968 1051 3972 '

535 4045 608 4111 Non
622 4045 817 4125 La'e‘rtiaden,
833 4047 957 4110 exitium
970 4053 1041 4111 tuae

537 4131 642 4211 Genti,
657 4154 716 4196 nen
731 4133 852 4217 Pylium
866 4133 899 4196 N
901 4140 1000 4197 estora
1014 4132 1136 4218 respicis
1148 4132 1163 4199 l

537 4218 659 4300 Urgent
673 4219 815 4302 impavidi
832 4227 862 4282 te
880 4218 1059 4283 Salaminius

579 4305 696 4369 Teucer
722 4313 755 4368 et
771 4304 932 4370 Sthenelus
946 4307 1044 4370 sciens

536 4390 674 4476 Pugnae,
690 4391 753 4455 sive
769 4413 842 4476 opus
857 4400 904 4456 est
918 4393 1088 4476 imperitare
1105 4392 1191 4477 equis

535 4475 606 4541 Non
621 4477 728 4562 auriga
742 4479 829 4562 piger
841 4498 849 4552 ;
884 4477 1042 4543 Merionen
1056 4499 1177 4563 quoque

535 4562 662 4627 Nosces.
707 4564 790 4628 Eece
805 4564 878 4627 furit
893 4571 924 4628 te
939 4566 1072 4650 reperire
1088 4573 1175 4629 atrox

578 4649 712 4734 Tydides
738 4651 843 4714 melior
857 4659 955 4733 patre,

535 4733 633 4809 Quem
647 4744 682 4800 tu
708 4757 816 4801 cervus
831 4737 876 4800 uti
894 4737 977 4800 vallis
991 4737 1023 4799 in
1038 4737 1136 4800 altera

535 4819 644 4889 Vrsum
658 4828 745 4907 parte
759 4824 863 4907 lupum
879 4823 1021 4907 graminis
1035 4823 1192 4887 immemor
