2900 6042
246 1294 310 1362 19⁰
583 1360 586 1365 ,
613 1344 616 1355 .
659 1312 883 1361 murenarum

246 1466 306 1542 Qui
320 1466 433 1532 fodicet
446 1468 527 1531 latus
542 1475 574 1530 et
588 1476 678 1547 cogat
693 1476 776 1530 trans
792 1466 925 1550 pondera
940 1467 1077 1533 dextrum

248 1554 417 1637 Porrigere.
463 1559 484 1591 “
500 1553 560 1616 Hic
576 1554 703 1617 multum
717 1553 749 1616 in
764 1553 858 1617 Fabia
874 1554 965 1631 valet,
981 1554 1030 1618 ille
1045 1552 1181 1632 Velim

247 1638 304 1704 Oui
319 1640 392 1704 libet
406 1640 456 1703 hic
471 1640 568 1703 fasces
583 1638 667 1702 dabit
681 1640 848 1722 eripietque
864 1640 968 1703 curule

247 1725 305 1790 Cui
320 1727 400 1789 volet
414 1726 601 1809 importunus
615 1726 724 1788 ebur.”
770 1725 891 1804 Frater,
908 1726 1013 1805 Pater,
1029 1726 1131 1804 adde;

246 1810 293 1876 Ut
307 1813 415 1896 cuique
431 1821 479 1875 est
493 1820 577 1874 aetas
592 1811 635 1875 ita
650 1833 800 1895 quemque
816 1812 932 1876 facetus
947 1813 1067 1898 adopta.

247 1896 281 1961 Si
295 1898 372 1960 bene
388 1898 440 1981 qui
455 1910 563 1960 coenat
578 1897 655 1960 bene
671 1899 754 1974 vivit,
770 1898 861 1975 lucet,
877 1919 979 1962 eamus

247 1982 313 2056 Quo
328 1983 413 2046 ducit
427 1983 520 2067 gula;
543 1983 703 2066 piscemur,
719 2005 874 2060 venemur,
890 1991 925 2046 ut
939 1985 1009 2048 olim

247 2068 411 2151 Gargilius,
429 2070 481 2152 qui
496 2090 582 2132 mano
599 2070 714 2152 plagas,
729 2071 889 2147 venabula,
904 2091 1007 2134 servos

245 2153 406 2218 Differtum
422 2156 549 2218 transire
564 2156 662 2218 forum
676 2156 878 2240 populumque
889 2156 1028 2240 jubebat,

246 2239 335 2305 Unus
350 2250 385 2305 ut
399 2263 416 2305 e
432 2241 532 2304 multis
547 2242 655 2325 populo
670 2250 827 2390 spectante
842 2243 971 2306 referret

246 2325 389 2411 Emptum
403 2329 502 2390 mulus
517 2348 633 2409 aprum.
707 2327 773 2390 rudi
789 2328 954 2411 tumidique
968 2328 1116 2405 lavemur,

246 2411 326 2487 Quid
341 2413 459 2491 deceat,
475 2413 547 2496 quid
562 2435 632 2492 non,
648 2413 742 2491 obliti,
759 2412 880 2476 Caerite
895 2435 968 2477 cera

246 2498 349 2582 Digni,
366 2500 522 2581 remigium
538 2499 676 2562 vitiosum
691 2498 858 2563 Ithacensis
873 2498 986 2579 Ulixei,

246 2583 303 2648 Cui
318 2586 414 2668 potior
429 2586 527 2669 patria
541 2585 598 2648 luit
612 2585 776 2648 interdicta
791 2587 937 2668 voluptas.

247 2667 291 2746 Si,
308 2670 503 2741 Mimnermus
519 2672 562 2733 uti
578 2680 692 2748 censet,
707 2671 771 2733 sine
788 2692 888 2734 amore
904 2672 1041 2757 jocisque

245 2754 298 2819 Nil
314 2768 360 2820 est
369 2757 549 2841 jucundum,
567 2758 648 2820 vivas
664 2758 695 2819 in
711 2778 811 2820 amore
822 2758 971 2841 jocisque.

245 2840 336 2915 Vive,
354 2844 429 2906 vale.
477 2841 509 2905 Si
525 2842 598 2925 quid
613 2843 720 2906 novisti
736 2844 850 2908 rectius
865 2845 930 2907 istis

246 2925 399 2992 Candidus
413 2929 532 3012 imperti
544 2948 553 3004 ;
576 2929 601 2991 si
615 2951 675 2993 non
690 2930 736 2993 his
751 2937 839 2994 utero
855 2951 983 2994 mecum.

625 3189 885 3199 ———

574 3353 832 3419 EPISTOLA
861 3354 957 3421 VII.

243 3522 393 3599 QUmQtnt
407 3524 472 3590 dies
487 3525 539 3589 tibi
555 3526 703 3611 pollicitus
717 3548 765 3590 rue
781 3549 851 3591 rure
867 3527 1013 3606 futurum,

245 3608 392 3675 Sextilem
407 3619 502 3674 toturn
518 3613 646 3676 mendax
662 3612 825 3676 desideror.
872 3612 967 3697 Atqui

245 3694 280 3760 Si
294 3719 342 3760 me
358 3698 459 3760 vivere
475 3699 519 3761 vis
535 3720 640 3761 sanum
656 3707 799 3782 recteque
816 3700 977 3775 valentem,

243 3781 341 3856 Quam
356 3784 427 3846 mihi
443 3784 497 3847 das
512 3806 602 3866 aegro
619 3784 703 3847 dabis
719 3792 877 3867 aegrotare
894 3781 1021 3862 timenti,

244 3868 417 3946 Maecenas,
434 3871 561 3947 veniam,
577 3871 648 3932 dum
664 3871 738 3933 licus
759 3871 854 3954 prima
869 3871 1009 3953 calorque

244 3953 472 4038 Designatoram
488 3956 611 4019 decorat
626 3956 780 4019 lictoribus
796 3956 881 4034 atris,

244 4039 322 4104 Dum
338 4041 439 4124 pueris
454 4042 548 4104 omnis
564 4050 650 4124 pater
667 4050 698 4105 et
713 4042 879 4104 matercula
894 4041 998 4125 pallet,

242 4123 440 4210 Officiosaque
457 4127 601 4190 sedulitas
617 4136 648 4190 et
663 4129 761 4210 opella
775 4128 902 4190 forensis

242 4211 378 4275 Adducit
393 4214 492 4276 tebres
505 4223 538 4275 et
552 4220 733 4276 testamenta
748 4213 889 4296 resignat

241 4296 355 4372 Qtrodsi
370 4299 476 4362 bruma
490 4299 575 4363 nives
590 4299 717 4361 Albanis
732 4300 828 4362 illinet
842 4298 933 4381 agris,

243 4382 292 4446 Ad
307 4405 390 4447 mare
406 4384 570 4449 descendet
586 4393 671 4448 vatos
687 4392 757 4448 tuus
772 4392 803 4447 ct
818 4384 873 4447 sibi
888 4388 994 4467 parcet

242 4466 482 4555 contractusque
497 4472 601 4554 leget;
624 4479 666 4547 te,
682 4472 778 4534 dulcis
794 4471 900 4548 amice,
916 4469 1028 4532 reviset

242 4554 319 4618 Cum
334 4555 490 4641 Zephyris,
505 4557 530 4619 si
546 4557 705 4635 concedes,
720 4566 751 4620 et
766 4557 924 4619 hirundine
940 4556 1045 4640 prima.

241 4639 311 4704 Non
327 4663 386 4724 quo
401 4664 482 4706 more
498 4643 570 4726 piris
587 4643 667 4706 vesci
683 4643 812 4707 Calaber
821 4643 910 4727 jubet
924 4643 1033 4724 hospes

240 4726 287 4790 Tu
303 4749 350 4791 me
365 4728 462 4792 fecisti
477 4729 667 4813 locupletem.
713 4737 734 4766 “
747 4729 881 4793 Vescere
897 4728 1016 4792 sodes.”
1252 4746 1285 4798 15

239 4816 260 4875 4‘
272 4811 345 4877 Jam
358 4814 431 4879 satis
446 4815 526 4878 est.''
564 4819 585 4851 ‘⁶
594 4814 640 4879 At
653 4823 687 4878 tu
702 4824 849 4899 quantum
864 4815 907 4879 vis
922 4812 1027 4879 tolle.''
1064 4817 1085 4851 “
1096 4811 1271 4899 Benigne.”
