2900 6042
1113 1537 1243 1584 Lm.
1291 1535 1372 1583 11.
1421 1535 1624 1583 nm‘r.
1668 1538 1744 1584 11.

380 1683 504 1750 Hic
535 1707 812 1770 sponsum
846 1695 1041 1768 vocat,
1069 1688 1168 1753 hic
1199 1689 1471 1753 auditum
1500 1689 1618 1752 scri
1661 1696 1726 1753 ta
1752 1691 1978 1757 relictis

385 1769 675 1836 Omnibus
704 1773 907 1837 officiis
932 1793 948 1850 ;
990 1775 1178 1838 cubat
1206 1775 1302 1839 hic
1333 1776 1394 1837 in
1427 1775 1576 1837 colle
1663 1775 1863 1855 uirini,

380 1855 504 1920 Hic
535 1865 801 1922 extremo
831 1859 892 1920 in
921 1858 1250 1939 Aventin0,
1280 1859 1565 1923 visendus
1593 1868 1851 1944 uterque
1878 1881 1897 1939 ;

380 1941 712 2007 Intervalla
743 1943 907 2008 vides
936 1945 1194 2008 humane
1225 1945 1556 2008 commoda.
1645 1946 1881 2010 Verum

383 2027 583 2092 Purae
613 2036 754 2092 sunt
780 2031 1039 2112 plateae,
1069 2031 1216 2094 nihil
1245 2037 1316 2093 ut
1341 2030 1768 2095 meditantibus
1800 2032 2022 2098 obstet.

382 2113 657 2177 Festinat
685 2115 912 2178 calidus
941 2116 1116 2180 mulis
1144 2117 1490 2199 gerulisque
1521 2116 1889 2200 redemptor,

383 2198 650 2283 Torquet
677 2221 837 2263 nunc
866 2200 1314 2284 lapidem,nunc
1344 2202 1559 2283 ingens
1588 2202 1864 2266 machina
1894 2204 2149 2288 tignum,

383 2282 605 2347 Tristia
633 2285 888 2349 robustis
916 2287 1225 2350 luctantur
1252 2287 1467 2350 funera
1496 2287 1800 2370 plaustriS,

383 2367 520 2433 Hac
552 2370 787 2434 rabiosa
812 2370 972 2454 fugit
1000 2372 1189 2449 canis,
1210 2371 1325 2434 hac
1354 2372 1655 2435 lutulenta
1680 2374 1804 2435 ruit
1831 2392 1974 2437 sus:

384 2453 418 2518 1
448 2475 607 2518 nunc
638 2464 702 2519 et
730 2476 939 2520 versus
969 2464 1166 2519 tecum
1195 2456 1488 2519 meditare
1519 2476 1789 2521 canoros.

387 2537 759 2624 Scriptorum
788 2541 1005 2604 chorus
1034 2541 1222 2604 omnis
1251 2547 1415 2604 amat
1441 2561 1653 2604 nemus
1682 2548 1747 2605 et
1771 2541 1933 2624 fugit
1959 2543 2195 2626 urbem,

383 2624 525 2688 Rite
557 2627 742 2689 cliens
772 2625 1000 2689 Bacchi
1028 2647 1233 2689 somno
1261 2625 1580 2708 gaudentis
1609 2632 1674 2688 et
1700 2627 1954 2691 umbra:

382 2709 476 2773 Tu
507 2731 601 2773 me
632 2711 790 2774 inter
817 2711 1102 2794 strepitus
1134 2718 1457 2773 nocturnos
1487 2716 1670 2793 atque
1699 2709 1944 2775 diurnos

382 2794 499 2858 Vis
529 2816 747 2858 canere
778 2803 841 2859 et
869 2802 1181 2860 contracta
1208 2795 1380 2879 sequi
1411 2795 1666 2878 vestigia
1693 2794 1951 2859 vatum?

384 2878 705 2963 Ingenium
756 2881 868 2944 sibi
897 2881 1059 2965 quod
1087 2901 1310 2945 vacuas
1340 2879 1673 2965 desumpsit
1701 2881 2006 2968 Athenas,

385 2964 470 3028 Et
498 2965 710 3030 studiis
751 2986 911 3030 anno
953 2973 1185 3050 septem
1215 2965 1385 3031 dedit
1411 2966 1793 3051 insenuitque

384 3049 582 3114 Libris
612 3058 677 3114 et
704 3052 884 3130 curis,
913 3059 1117 3115 statua
1145 3051 1501 3115 taciturnius
1529 3051 1658 3114 exit

384 3134 750 3220 Plerumque
781 3146 845 3200 et
872 3137 998 3200 risu
1026 3137 1310 3221 populum
1339 3137 1574 3221 quatit:
1621 3136 1720 3200 hic
1754 3157 1870 3221 ego
1895 3157 2101 3203 rerum

383 3220 695 3285 Fluctibus
722 3222 785 3285 in
813 3222 1025 3285 mediis
1053 3230 1118 3285 et
1143 3221 1600 3306 tempestatibus
1627 3220 1795 3286 urbis

384 3305 595 3370 Verba
621 3308 789 3391 lyrae
820 3316 1055 3371 motura
1082 3328 1293 3371 sonum
1322 3313 1679 3370 connectere
1708 3304 1975 3390 digner?

384 3390 604 3457 Frater
634 3398 770 3455 erat
799 3391 1030 3456 Romae
1061 3391 1318 3456 consulti
1346 3391 1577 3469 rhetor,
1606 3395 1678 3453 ut
1705 3391 1863 3456 alter

385 3477 658 3540 Alterius
688 3498 958 3541 sermone
987 3498 1184 3542 meros
1212 3477 1457 3542 audiret
1482 3477 1761 3556 honores,

389 3560 702 3626 Gracchus
727 3571 797 3626 ut
824 3563 919 3627 hic
950 3562 1061 3645 illi,
1091 3564 1252 3627 foret
1272 3562 1415 3627 huic
1443 3568 1517 3626 ut
1545 3561 1790 3625 Mucius
1818 3561 1944 3645 ille,

387 3645 506 3721 Qui
533 3647 728 3710 minus
758 3655 1003 3731 argutos
1026 3654 1214 3711 -vexat
1239 3647 1408 3711 furor
1435 3649 1552 3711 iste
1578 3645 1843 3731 poetas?

386 3729 670 3796 Carmina
699 3753 1005 3817 compone,
1034 3733 1131 3796 hic
1163 3734 1387 3815 elegos.
1420 3732 1755 3795 “Mirabile
1784 3730 1920 3795 visu

388 3816 821 3901 caelatumque
851 3839 1064 3881 novem
1095 3817 1292 3880 Musis
1319 3837 1471 3901 opus
1489 3816 1511 3882 -l
1531 3815 1575 3848 ''
1601 3815 1870 3898 Adspice
1898 3815 2178 3900 primum,

387 3901 626 3975 Quanto
656 3924 794 3966 cum
823 3903 1006 3981 fastu,
1074 3910 1260 3965 uanto
1287 3902 1586 3966 molimine
1616 3901 1861 3965 circum-

389 3986 744 4070 Spectemus
774 4007 1024 4050 vacuam
1151 3987 1339 4050 manis
1367 3987 1603 4050 vatibus
1631 3983 1884 4051 aedem!

385 4071 532 4136 Mox
563 4073 766 4152 etiam,
794 4073 847 4136 si
874 4072 1030 4135 forte
1060 4093 1262 4152 vacas,
1290 4092 1547 4155 sequere
1575 4077 1642 4135 et
1670 4071 1877 4155 procul
1904 4069 2071 4151 audi,

386 4157 547 4232 Quid
576 4159 735 4222 ferat
763 4165 827 4221 et
854 4178 1041 4241 quare
1070 4158 1417 4222 sibi-nectat
1442 4165 1699 4240 uterque
1729 4176 2029 4244 coronam.

387 4241 711 4307 Caedimur
763 4253 827 4307 et
856 4243 1103 4307 totidem
1131 4243 1323 4327 plagis
1354 4242 1755 4307 consumimus
1782 4242 2016 4306 hostem

386 4327 580 4392 Lento
613 4326 912 4393 Samnites
943 4328 1023 4393 ad
1051 4329 1277 4392 lumina
1304 4329 1497 4413 prima
1525 4328 1748 4391 duello.

388 4412 649 4477 Discedo
676 4413 943 4477 Alcaeus
970 4421 1194 4497 puncto
1222 4414 1379 4476 illius
1408 4434 1424 4490 ;
1470 4414 1570 4476 ille
1599 4434 1733 4476 meo
1762 4409 1950 4497 qu'n?

386 4496 535 4572 Quis
588 4499 702 4563 nisi
731 4497 1184 4563 Callimachus?
1210 4496 1280 4563 Si
1311 4501 1445 4583 plus
1475 4499 1804 4582 adposcere
1835 4498 2023 4577 visus,

385 4583 488 4647 Fit
519 4582 933 4664 Mimnermus,
963 4593 1026 4648 et
1053 4586 1253 4669 optivo
1281 4585 1632 4667 cognomine
1662 4583 1901 4646 crescit.

386 4667 588 4734 Multa
613 4671 743 4734 fero
792 4677 866 4733 ut
894 4669 1127 4753 placem
1156 4690 1349 4753 genus
1376 4669 1667 4732 irritabile
1698 4674 1929 4747 vatum,

386 4752 541 4818 Cum
569 4754 764 4819 scribo
792 4761 857 4819 et
882 4756 1135 4838 supplex
1164 4755 1366 4839 populi
1395 4754 1682 4836 suffragia
1709 4761 1887 4838 capto
1910 4771 1930 4831 ;

384 4838 582 4921 Idem,
608 4840 793 4904 finitis
819 4840 1034 4904 studiis
1060 4847 1133 4907 et.
1153 4847 1355 4904 mente
1385 4845 1656 4923 recepta,

386 4923 680 4990 Obturem
708 4926 947 5010 patulas
972 4925 1215 5008 impune
1243 4925 1583 5008 legentibus
1612 4941 1813 4987 aures.

392 5008 687 5075 Ridentur
711 5011 871 5075 mala
900 5011 1003 5095 qui
1033 5018 1395 5095 componunt
1421 5009 1732 5086 cai-minu
1773 5025 1986 5073 verum

2336 1523 2462 1588 219

2389 1971 2455 2020 ⁷0

2393 2397 2459 2446 ⁷5

2367 4936 2463 4991 m
