2900 6042
826 1491 958 1538 ΗΒ.
1006 1492 1055 1539 Ι.
1104 1492 1304 1539 cm.
1351 1492 1523 1540 ΧΧῙΙ.

480 1644 567 1710 Ni
643 1643 693 1708 's
725 1651 833 1708 aut
860 1644 1221 1729 Erymanthi

613 1729 751 1796 ilvis
801 1737 908 1794 aut
936 1730 1141 1794 viridis
1173 1731 1397 1815 Cragi3

389 1816 520 1881 Vos
551 1815 777 1898 Tempe
810 1815 1057 1879 totidem
1089 1818 1275 1880 tollite
1306 1816 1605 1896 laudibus,

351 1953 363 1962 .
393 1901 827 1983 Natalemque,
858 1922 1074 1979 mares,
1107 1903 1303 1966 Delon
1333 1903 1654 1987 Apollinis,

477 1987 906 2070 Insignemque
937 1987 1222 2070 pha-retra

567 2073 985 2156 Fraternaque
1013 2073 1328 2136 humerum
1348 2074 1523 2157 lyra„

393 2157 517 2222 Hic
546 2157 771 2221 bellum
796 2159 1221 2238 lacrumosum,
1249 2160 1347 2223 hic
1377 2160 1657 2223 miseram
1684 2155 1907 2221 famem

388 2242 754 2327 Pestemque
785 2264 824 2308 a
852 2265 927 2328 po
969 2245 1069 2307 ulo
1105 2253 1168 2308 et
1198 2244 1469 2330 principe
1502 2242 1768 2309 Caesare
1797 2242 1863 2308 in

472 2328 694 2393 Persas
725 2335 909 2413 atque
929 2266 1266 2393 1l3ritannos

558 2413 789 2479 Vestra
816 2422 1012 2479 motus
1041 2423 1185 2499 aget
1216 2436 1418 2501 prece.

766 2841 1227 2909 GARMEN
1284 2841 1576 2908 XXII.

559 3187 854 3253 Imom
881 3187 1040 3251 vitae
1071 3186 1434 3270 scelerisque
1465 3206 1653 3271 purus

561 3273 704 3338 Non
737 3280 880 3358 eget
908 3272 1140 3337 Mauris
1161 3274 1381 3358 jaculis
1411 3294 1610 3357 neque
1640 3292 1789 3337 arcu

559 3358 625 3424 N
627 3380 698 3424 ec
731 3360 1042 3424 venenatis
1070 3360 1322 3442 gravida
1356 3359 1619 3443 sagittis,

904 3446 1126 3524 Fusce,
1155 3446 1466 3529 pharetra,

563 3528 705 3595 Sive
735 3551 846 3615 per
879 3528 1093 3615 Syrtes
1121 3532 1239 3595 iter
1275 3538 1583 3595 aestuosas

564 3613 707 3680 Sive
738 3617 1007 3681 facturus
1038 3638 1148 3700 per
1179 3617 1598 3700 inhospitalem

562 3700 902 3766 Caucasum
955 3703 1051 3766 vel
1081 3722 1237 3785 quae
1270 3704 1403 3765 loca
1432 3702 1740 3765 fabulosus

899 3786 1139 3849 Lambit
1178 3787 1526 3871 Hydaspes·

561 3870 844 3954 Namque
875 3892 969 3933 me
997 3872 1148 3934 silva
1176 3873 1351 3955 lupus
1380 3872 1443 3933 in
1477 3869 1724 3951 Sabina,

563 3956 727 4020 Dum
757 3977 951 4019 meam
982 3964 1157 4020 canto
1187 3956 1458 4039 Lalagen
1512 3962 1575 4020 et
1603 3956 1764 4020 ultra

562 4042 909 4106 Terminum
940 4042 1099 4105 curis
1130 4064 1318 4126 vagor
1346 4041 1663 4127 expeditis,

902 4127 1088 4212 Fugit
1121 4128 1433 4211 inermem,

561 4211 755 4289 Quale
785 4221 1128 4299 portentum
1159 4236 1357 4299 neque
1387 4215 1662 4282 militaris

556 4298 829 4365 Daunias
861 4301 998 4364 latis
1028 4301 1133 4364 alit
1168 4302 1510 4381 aesculetis,

558 4386 622 4450 N
626 4408 696 4451 ec
725 4387 768 4452 J
775 4387 926 4450 ubae
959 4388 1134 4450 tellus
1164 4395 1419 4470 generat
1470 4390 1709 4453 leonum

899 4473 1097 4537 Arida
1132 4475 1355 4537 nutrix.

557 4555 725 4621 Pone
754 4579 851 4643 me
904 4558 1090 4641 pigris
1125 4561 1226 4622 ubi
1256 4562 1422 4623 nulla
1451 4559 1678 4644 campis

557 4642 762 4707 Arbor
790 4644 1022 4706 aestiva
1049 4653 1359 4708 recreatur
1388 4667 1560 4724 aura,

558 4727 736 4802 Quod
763 4731 921 4792 latus
948 4728 1156 4792 mundi
1187 4731 1440 4794 nebulae
1474 4730 1786 4812 malusque

898 4813 941 4878 J
946 4817 1185 4900 uppiter
1215 4825 1399 4902 urget
1423 4836 1440 4893 3

555 4899 724 4965 Pone
752 4901 864 4964 sub
887 4921 1070 4964 curru
1098 4901 1342 4964 nimium
1384 4899 1702 4986 propinqui

565 4984 722 5053 Solis
774 4986 839 5051 in
869 4994 1034 5050 terra
1062 4986 1332 5051 domibus
1362 4994 1621 5072 negata:

2136 1478 2222 1542 19

2164 1923 2221 1972 10

2155 3975 2215 4025 10

2155 4404 2216 4453 15
