2900 6042
235 1295 298 1360 184
642 1308 865 1358 uereromnuu

232 1466 265 1530 A
280 1471 417 1550 praetore
432 1463 507 1543 dati,
522 1485 622 1527 rerum
637 1465 735 1528 tutela
753 1485 887 1527 mearum

142 1603 144 1606 .
234 1550 311 1614 Cum
326 1550 366 1614 sis
382 1557 413 1613 et
427 1571 519 1633 prave
535 1558 650 1613 sectum
666 1551 860 1614 stomacheris
874 1550 911 1612 ob
927 1565 1060 1634 unguem

233 1636 328 1702 Dete
345 1636 514 1719 pendentis,
531 1643 560 1698 te
577 1636 763 1718 respicientis
773 1635 876 1699 amici.
1229 1650 1273 1705 ια

183 1727 188 1741 ’
277 1721 330 1784 Ad
346 1742 508 1783 summam:
532 1721 651 1804 sapiens
666 1743 726 1784 uno
740 1723 836 1784 minor
850 1728 897 1784 est
910 1720 932 1785 J
933 1742 1000 1800 ove,
1014 1719 1111 1801 dives,

234 1806 337 1885 Liber,
352 1807 525 1885 honoratus,
541 1807 678 1890 pulcher,
694 1828 747 1869 rex
762 1807 892 1889 denique
908 1827 1033 1890 regum

234 1891 404 1977 Praecipue
419 1912 521 1972 sanus,
536 1893 593 1955 nisi
607 1913 676 1955 cum
692 1892 801 1977 pituita
815 1893 940 1956 molesta
961 1898 1018 1956 eet.

638 2135 869 2152 ῃ

555 2315 847 2382 EPISTOLA
891 2316 958 2382 11.

236 2486 382 2556 morior
395 2488 467 2554 belli
481 2488 668 2574 scriptorem,
683 2487 811 2552 maxime
827 2487 916 2567 Lolli,

234 2575 316 2642 Dum
330 2583 365 2640 tu
379 2575 531 2640 declamas
546 2575 660 2638 Romae
687 2572 852 2637 Praeneste
870 2574 987 2658 relegi;

234 2661 294 2736 Qui
320 2661 392 2746 quid
406 2662 446 2725 sit
460 2661 629 2745 pulchrum,
645 2657 717 2743 quid
735 2665 833 2807 turpe,
849 2659 921 2743 quid
935 2659 1020 2738 utile,
1035 2658 1109 2745 quid
1122 2679 1195 2743 uon,

234 2746 358 2811 Planius
373 2769 409 2811 ac
424 2747 529 2810 melius
545 2744 713 2829 Chrysippo
729 2751 761 2806 et
804 2753 923 2808 rantore
939 2745 1022 2808 dicit.
1259 2799 1265 2815 .
1331 2814 1340 2829 „

235 2832 298 2896 Cur
311 2833 356 2896 ita
370 2831 560 2910 crediderim,
575 2830 632 2894 nisi
647 2830 719 2913 quid
734 2836 764 2893 te
780 2829 896 2894 detinet
922 2831 1003 2894 audi.
1255 2851 1272 2899 t

233 2913 350 2979 Fabula
364 2937 425 2998 qua
442 2915 561 2978 Paridis
576 2925 699 2999 propter
713 2923 858 2981 narratur
873 2939 1005 2982 amorem

234 2998 364 3063 Graecia
378 2999 543 3063 Barbariae
558 3000 640 3063 lento
655 3000 757 3063 collisa
771 2999 870 3063 duello

234 3082 400 3148 Stultorum
415 3106 521 3167 regum
538 3093 568 3148 et
583 3085 758 3169 populorum
773 3086 906 3149 continet
919 3092 1031 3150 aestus.

231 3169 372 3233 Antenor
386 3177 490 3233 censet
505 3172 575 3234 belli
591 3170 763 3254 praecidere
780 3191 934 3235 caussam:

232 3253 313 3327 Quid
329 3255 439 3318 Paris?
484 3256 529 3319 Ut
542 3257 642 3320 salvus
656 3263 764 3340 regnet
778 3257 918 3341 vivatque
933 3257 1040 3322 beatus

233 3339 308 3423 Cogi
323 3362 408 3424 posse
423 3348 526 3425 negat.
572 3341 685 3405 Nestor
699 3362 875 3425 componere
890 3344 959 3408 lites

231 3424 319 3489 Inter
333 3426 458 3490 Peliden
473 3427 596 3490 festinat
610 3433 642 3490 et
655 3428 734 3490 inter
749 3427 899 3491 Atriden:

231 3510 323 3576 Hunc
339 3533 432 3589 amor,
447 3513 492 3575 ira
507 3512 628 3596 quidem
643 3513 839 3577 communiter
853 3514 915 3577 urit
931 3518 1105 3598 utrumque.

232 3596 382 3682 Quidquid
396 3597 526 3661 delirant
540 3619 628 3681 reges
655 3599 828 3683 plectuntur
844 3599 966 3663 Achivi.

232 3681 397 3762 Seditione,
412 3682 497 3761 dolis,
512 3684 626 3747 scelere
641 3692 733 3768 atque
747 3685 869 3749 libidine
885 3692 917 3749 et
930 3684 977 3750 ira

230 3767 339 3838 Iliacos
354 3770 432 3832 intra
447 3789 547 3832 muros
561 3776 705 3852 peccatur
719 3776 750 3833 et
765 3777 861 3833 extra.

229 3853 348 3917 Rursus
374 3854 446 3938 quid
462 3856 556 3917 virtus
571 3863 603 3917 et
617 3854 690 3938 quid
704 3855 852 3939 sapientia
865 3854 959 3939 possit

229 3937 315 4002 Utile
330 3940 482 4022 proposuit
495 3940 580 4017 nobis
592 3940 745 4023 exemplar
758 3938 883 4022 Uliuen,

230 4021 290 4096 Qui
305 4024 431 4087 domitor
445 4025 552 4110 Trojae
567 4025 727 4088 multorum
742 4025 882 4110 providus
896 4025 987 4090 urbes

229 4106 272 4171 Et
285 4130 382 4172 mores
397 4110 548 4173 homiuum
561 4110 701 4194 inspexit,
715 4111 869 4195 latumque
884 4132 940 4194 per
953 4131 1078 4196 aequor,

228 4191 311 4258 Dum
326 4195 381 4257 sibi
406 4194 478 4257 dum
493 4196 579 4259 sociis
594 4195 722 4259 reditum
738 4204 836 4281 parat,
851 4217 959 4280 aspera
971 4198 1067 4262 multa

228 4278 360 4343 Pertulit
386 4280 519 4344 adversis
535 4302 635 4344 rerum
648 4282 854 4345 immersabilis
867 4282 966 4347 undis.
1171 4289 1174 4292 ’

230 4363 370 4429 Sirenum
385 4387 473 4429 voces
488 4374 519 4429 et
534 4365 641 4429 Circae
657 4368 765 4451 pocula
782 4367 859 4432 nosti
873 4388 881 4444 ;

229 4449 315 4524 Quae
329 4452 354 4515 si
370 4473 437 4515 oum
453 4452 538 4515 sociis
554 4453 662 4515 stultus
678 4452 863 4537 cupidusque
879 4452 1013 4535 bibisset,

230 4534 293 4600 Sub
309 4536 427 4600 domina
441 4538 598 4600 meretrice
613 4538 720 4601 fuisset
735 4539 830 4623 turpis
845 4546 877 4603 et
891 4558 1008 4620 excors,

228 4620 364 4686 Vixisset
378 4624 460 4686 oanis
475 4623 643 4686 immundus
659 4625 706 4687 vel
721 4625 817 4688 amica
830 4625 893 4688 luto
908 4645 968 4688 sus.

228 4706 294 4785 llos
309 4730 451 4772 numerus
465 4730 567 4774 sumus
582 4718 613 4773 et
627 4710 732 4792 fruges
746 4732 921 4774 consumere
935 4709 1012 4792 nati,

230 4791 337 4878 Sponsi
353 4795 533 4879 Penelopae,
548 4797 720 4876 nebulones,
736 4796 915 4882 Alcinoique
1004 4851 1007 4854 .

191 4932 225 5060 l
