2900 6042
473 1300 600 1349 monam
621 1302 729 1349 mnas.
809 1297 815 1310 '

247 1456 316 1533 Qua
331 1461 507 1520 muneretur
520 1460 563 1532 te,
578 1454 702 1586 Priape,
717 1458 750 1517 et
765 1458 808 1533 te,
822 1458 912 1539 pater

291 1541 424 1620 Silvano,
439 1547 520 1604 tutor
533 1540 657 1605 finium.

249 1626 339 1691 Libet
347 1628 452 1711 jacere
477 1625 565 1689 modo
580 1626 634 1687 sub
650 1624 776 1708 antiqua
789 1622 871 1706 ilice,

290 1711 383 1775 Modo
397 1712 428 1773 in
445 1711 542 1773 tenaci
557 1711 702 1793 gramine.
838 1734 841 1739 ·

248 1797 405 1862 Labuntur
422 1797 489 1859 altis
504 1797 623 1858 interim
638 1795 710 1879 ripis
725 1816 835 1880 aquae,
1085 1816 1119 1867 25

292 1881 467 1956 Queruntur
480 1882 511 1943 in
526 1881 607 1943 silvis
622 1901 705 1960 aves,

248 1966 423 2049 Fontesque
445 1965 577 2051 lymphis
600 1966 778 2049 obstrepunt
791 1964 993 2046 manantibus,

294 2051 419 2115 Somnos
430 2051 510 2134 quod
524 2050 631 2114 invitet
644 2052 738 2114 leves.

249 2136 295 2201 At
312 2158 384 2200 cum
407 2137 537 2199 tonantis
559 2155 658 2199 annus
672 2137 815 2198 hibernus
830 2134 853 2199 J
853 2136 916 2201 ovis

222 2283 227 2291 ,
293 2222 410 2285 Imbres
425 2221 567 2303 nivesque
583 2228 748 2304 comparat,
1086 2239 1120 2291 aa

248 2308 316 2373 Aut
331 2306 425 2369 trudit
439 2327 524 2368 ucrcs
539 2307 608 2369 hinc
623 2313 656 2369 et
669 2307 739 2370 hinc
756 2307 852 2370 00110
865 2325 940 2370 canc

290 2393 392 2476 Apros
406 2391 437 2454 in
452 2392 603 2454 obstantes
619 2393 735 2474 plagas,

248 2477 315 2542 Aut
329 2477 419 2541 amite
434 2477 492 2539 levi
509 2498 579 2539 rara
593 2477 691 2540 tendit
704 2476 794 2556 retia,

294 2563 404 2627 Turdis
419 2562 561 2624 edacibus
575 2562 668 2640 dolos,

204 2710 222 2739 ⁶
249 2648 458 2730 Pavidumque
473 2648 604 2729 leporem
619 2654 651 2710 et
665 2646 813 2711 advenam
826 2647 935 2731 laqueo
949 2666 1055 2731 gruem
1084 2667 1118 2718 as

292 2734 314 2798 J
315 2733 436 2796 ucunda
446 2739 549 2814 captat
563 2733 705 2816 praemia.

250 2816 325 2892 Quis
339 2839 398 2880 non
412 2818 558 2880 malarum
584 2838 660 2900 quas
674 2839 757 2881 amor
772 2836 860 2881 ouras
870 2815 962 2883 habet

290 2904 378 2967 Haec
392 2903 472 2966 inter
485 2902 694 2966 obliviscitur?

250 2985 364 3061 Quodsi
385 2990 498 3073 pudica
514 2989 621 3051 mulier
635 2989 666 3051 in
681 2995 798 3072 partem
806 2986 897 3072 juvet

293 3072 422 3136 Domum
437 3081 528 3156 atque
544 3073 647 3137 dulces
661 3075 781 3153 liberos,

251 3154 364 3220 Sabina
378 3158 474 3239 qualis
488 3166 542 3221 aut
556 3166 678 3242 perusta
691 3160 802 3224 solibus

292 3242 428 3305 Pernicis
442 3265 517 3306 uxor
531 3243 636 3327 Apuli,

251 3324 378 3392 Sacrum
392 3329 517 3392 vetustis
526 3336 658 3393 exstruat
665 3329 869 3412 lignusoeum

290 3412 376 3477 Lassi
391 3415 445 3476 sub
460 3415 623 3478 adventum
638 3415 708 3496 viri,

248 3497 458 3583 claudensque
474 3501 564 3563 textis
579 3500 709 3565 cratibus
722 3501 835 3565 lactum
849 3519 943 3586 pecus

289 3584 430 3648 Distento
444 3586 537 3649 siccet
551 3586 656 3664 ubera,
757 3595 761 3602 '

248 3667 291 3734 Et
304 3671 398 3734 horna
409 3671 490 3735 dulci
505 3672 575 3734 vina
589 3692 727 3755 promens
742 3670 820 3736 dolio

290 3755 392 3840 Dapes
405 3756 554 3840 inemptas
570 3762 715 3840 apparet:

248 3837 281 3903 N
282 3859 320 3902 on
334 3861 382 3903 me
398 3841 528 3906 Lucrina
537 3843 674 3926 juverint
688 3841 846 3927 conchylia

289 3923 427 4007 Magisve
443 3927 583 3991 rhombus
598 3935 651 3990 aut
665 3927 754 4006 scari,

247 4004 281 4071 Si
298 4028 372 4090 quos
388 4009 458 4072 Eois
473 4011 607 4075 intonata
618 4013 758 4076 fluctibus

288 4091 395 4156 Hiems
410 4094 449 4156 ad
464 4096 519 4159 hoc
535 4105 634 4161 vertat
647 4118 752 4174 mare;

246 4175 318 4242 Nou
333 4177 411 4241 Afra
425 4180 488 4243 avis
500 4181 664 4246 descendat
677 4184 709 4247 in
724 4188 860 4248 ventrem
873 4203 986 4267 meum,

288 4262 359 4326 Non
374 4271 497 4348 attagen
513 4267 633 4331 Ionicus

243 4344 423 4429 Jucundior,
439 4372 529 4433 quam
544 4354 623 4416 lecta
637 4353 674 4417 de
693 4351 896 4439 pinguissimis

290 4432 377 4498 Oliva
392 4437 481 4499 ramis
496 4438 635 4501 arborum

241 4516 309 4581 Aut
323 4520 416 4583 herba
432 4523 544 4605 lapathi
559 4531 645 4606 prata
660 4524 787 4588 amantis
813 4529 846 4588 et
860 4522 947 4610 gravi

287 4603 407 4669 Maleae
422 4609 556 4672 salubres
571 4610 698 4693 corpori,
742 4662 748 4671 .

245 4686 306 4750 Vel
321 4709 400 4772 agna
413 4693 498 4756 festis
513 4715 602 4758 caesa
615 4695 845 4776 Terminalibus,

286 4771 348 4837 Vel
362 4775 476 4842 haedus
491 4787 612 4864 ereptus
627 4782 706 4866 lupo.
