2900 6042
251 1304 314 1372 1sr
658 1318 879 1375 mrsromauu

250 1475 295 1541 Et
308 1498 468 1562 properare
482 1478 548 1543 loco
562 1486 595 1543 et
608 1499 727 1544 cessare
743 1487 775 1544 et
789 1499 936 1564 quaerere
953 1484 984 1542 et
998 1477 1055 1560 uti,

251 1560 441 1627 Gaudentem
455 1564 614 1649 parvisque
629 1564 778 1630 sodalibus
793 1573 826 1628 et
839 1565 902 1628 lare
917 1571 1000 1628 certo

249 1646 292 1711 Et
305 1649 383 1712 ludis
398 1656 429 1712 et
443 1657 510 1733 post
524 1649 625 1715 decisa
638 1651 760 1734 negotia
775 1650 898 1733 Campo.

248 1737 270 1772 “
285 1732 395 1798 Scituri
409 1735 481 1798 libet
495 1757 533 1799 ex
547 1736 611 1819 ipso
626 1737 825 1820 quodcunque
840 1735 956 1811 refers3
978 1734 1027 1799 dio
1252 1750 1285 1802 ω

247 1818 301 1883 Ad
317 1840 438 1883 coenam
454 1820 586 1883 veniat.'’
631 1820 702 1884 Non
717 1842 790 1885 sane
805 1820 930 1884 credere
945 1819 1049 1899 Mena,

248 1902 354 1969 Mirari
369 1926 471 1969 secum
486 1907 603 1970 tacitus.
649 1905 729 1980 Quid
744 1905 859 1969 multa?
903 1903 1103 1988 “Benigne,”

247 1988 431 2073 Respondet.
470 1990 606 2074 “Neget
620 1991 670 2055 ille
684 1990 810 2054 mihi?’'
848 1995 868 2028 “
880 1989 985 2073 Negat
997 1988 1149 2074 improbus
1163 1992 1241 2052 erte
1279 2016 1286 2028 ·

247 2073 386 2158 Negligit
399 2084 453 2139 sut
466 2076 600 2140 horret''
638 2076 794 2142 Volteium
809 2097 896 2139 mane
912 2075 1070 2161 Philippus

246 2158 330 2224 Vilia
345 2161 522 2225 vendentem
538 2162 671 2226 tunicato
687 2169 790 2225 scruta
804 2162 920 2245 popello
1251 2175 1283 2226 65

248 2243 387 2329 Occupat
401 2253 433 2310 et
446 2248 562 2311 salvere
572 2247 661 2332 jubet
675 2248 765 2331 prior.
813 2247 869 2310 Ille
886 2246 1022 2330 Philippo

247 2328 402 2395 Excusare
417 2332 548 2396 laborem
563 2340 595 2395 et
610 2332 796 2397 mercenaria
810 2332 919 2410 vincla,

248 2413 334 2489 Quod
349 2437 407 2480 uon
421 2438 508 2481 mane
524 2417 644 2482 domum
659 2418 800 2497 venisset,
815 2417 943 2500 denique
958 2415 1039 2500 quod
1053 2436 1112 2479 non

246 2499 431 2567 Providisset
445 2524 524 2566 eum.
569 2508 589 2541 “
602 2501 653 2568 Sic
668 2503 818 2586 ignovisse
833 2509 937 2586 putato

245 2583 299 2650 Me
316 2587 368 2651 tibi
383 2587 408 2653 si
423 2609 530 2654 coenas
545 2587 633 2654 hodie
647 2588 799 2652 mecum.’'
835 2586 1033 2651 “delibet”
1070 2585 1186 2671 “Ergo
1250 2602 1283 2652 ⁷0

245 2670 320 2737 Post
336 2694 444 2737 nonam
459 2675 579 2739 venies:
603 2695 683 2738 nunc
698 2674 719 2754 i,
735 2695 798 2737 rem
814 2679 954 2736 strenuus
969 2671 1079 2755 auge‚”

245 2755 292 2821 Ut
307 2767 428 2823 ventum
443 2761 482 2824 ad
497 2780 620 2824 coenam
635 2767 692 2838 est,
708 2759 835 2823 dicenda
851 2757 980 2821 tacenda
993 2757 1112 2821 locutus

246 2841 382 2907 Tandem
397 2844 555 2908 dormitum
571 2845 738 2909 dimittitur.
783 2843 844 2907 Hic
859 2843 911 2906 ubi
925 2863 1015 2927 saepe

246 2925 407 2993 Occultum
423 2932 503 2994 visus
518 2931 679 2995 decurrere
695 2930 785 3015 piscis
800 2930 839 2993 ad
853 2930 973 2991 hamum

245 3011 339 3078 Mane
355 3016 448 3079 cliens
463 3017 567 3101 etjam
583 3025 683 3080 certus
699 3016 834 3093 conviva,
844 3015 970 3099 jubetur

244 3096 330 3163 Rura
344 3102 514 3165 suburbana
528 3102 647 3166 indictis
663 3122 762 3165 eomes
776 3101 820 3164 ire
835 3099 960 3163 Latinis.

244 3182 405 3268 Impositos
420 3187 534 3251 mannis
549 3208 653 3251 arvum
669 3187 845 3270 caelumque
859 3183 1002 3249 Sabinum

244 3267 277 3332 N
278 3291 316 3333 ou
331 3280 429 3336 cessat
443 3274 577 3338 laudare.
625 3271 722 3335 Videt
737 3272 874 3355 ridetque
889 3268 1056 3353 Philippus,

244 3353 287 3418 El
301 3357 357 3420 sibi
372 3358 442 3422 dum
457 3359 603 3443 requiem,
618 3359 690 3421 dum
705 3359 782 3421 risus
798 3356 929 3439 undique
945 3356 1074 3439 quaerit,

244 3437 326 3506 Dum
341 3451 457 3529 septem
472 3444 564 3508 donat
578 3445 728 3523 sestertia,
743 3451 848 3506 mutua
862 3447 979 3524 septem

244 3523 407 3609 Promittis,
422 3530 584 3614 persuadet
598 3530 642 3593 uti
657 3537 810 3592 mercetur
824 3527 962 3611 agellum.

242 3609 408 3678 Mereatur.
453 3616 503 3680 Ne
519 3623 549 3679 te
564 3616 660 3699 longis
675 3615 849 3697 ambagibus
864 3614 944 3675 ultra

243 3695 341 3769 Quam
355 3700 429 3764 satis
444 3710 491 3765 est
504 3722 613 3779 morer,
629 3723 666 3764 ex
681 3700 775 3764 nitido
789 3701 825 3764 lit
839 3699 968 3762 rusticus
982 3703 1073 3782 atque

244 3778 349 3850 Sulcos
365 3794 396 3849 et
411 3787 510 3850 vineta
524 3795 628 3870 crepat
643 3806 744 3863 mera;
767 3792 927 3871 praeparat
941 3783 1045 3862 ulmos,

241 3868 414 3934 Immoritur
428 3873 534 3936 studiis
549 3881 580 3935 et
595 3893 694 3935 amore
710 3872 841 3934 senescit
854 3867 993 3933 habendi.
1130 3868 1133 3875 ’

241 3952 360 4019 Verum
373 3957 424 4019 ubi
439 3979 510 4021 oves
524 3958 616 4037 furto,
630 3957 732 4020 morbo
747 3957 862 4041 periere
878 3954 1023 4038 capellae,

244 4037 335 4123 Spem
350 4042 476 4105 mentita
490 4063 589 4126 seges,
603 4043 655 4106 bos
671 4049 717 4106 est
732 4050 856 4106 euectus
871 4039 994 4120 arando,

243 4123 383 4190 Offensus
397 4127 513 4191 damnis
527 4129 626 4192 media
640 4128 678 4192 de
693 4137 781 4192 nocte
797 4128 944 4192 caballum

245 4211 364 4296 Arripit
377 4213 532 4296 iratusque
549 4214 678 4297 Philippi
693 4213 791 4277 tendit
805 4213 844 4277 ad
859 4212 959 4277 aedes

242 4294 340 4369 Quem
354 4299 441 4362 simul
457 4299 594 4382 adspexit
608 4299 747 4364 scabrum
761 4300 970 4383 intonsumque
985 4297 1164 4384 Phillippus,

240 4386 262 4420 “
274 4381 409 4462 Durus,'’
426 4385 479 4464 ait,
494 4389 512 4423 “
524 4384 638 4464 Voltei,
652 4384 739 4447 nimis
754 4391 946 4468 attentusque
962 4384 1072 4449 videris

241 4465 318 4532 Esse
330 4469 433 4533 mihi.’'
478 4471 629 4534 “Polme
645 4471 796 4548 miserum,
811 4478 948 4555 patrone,
964 4490 1096 4549 vocares,

242 4551 276 4618 Si
290 4555 416 4635 velles,'’
433 4555 541 4640 inquit,
556 4562 575 4593 “
590 4577 692 4619 verum
707 4556 779 4619 mihi
793 4576 904 4639 ponere
919 4554 1042 4621 nomen!

241 4638 329 4713 Quod
344 4647 374 4703 te
391 4663 445 4726 per
461 4641 590 4706 Genium
606 4641 803 4725 dextramque
819 4640 950 4725 deosque
965 4641 1097 4705 Penates

242 4723 376 4790 Obsecro
391 4734 423 4790 et
437 4726 580 4806 obtestor,
595 4728 674 4791 vitae
688 4749 737 4790 me
753 4727 847 4791 redde
862 4727 989 4810 priori.'’

241 4807 300 4884 Qui
315 4813 407 4876 semel
423 4812 561 4898 adspexit
575 4823 720 4896 quantum
736 4813 858 4878 dimissa
870 4813 973 4899 petitis
