2900 6042
1027 1522 1158 1568 ms.
1204 1522 1254 1568 1.
1303 1521 1503 1599 cm.
1550 1521 1787 1569 xxxw.
1828 1495 1836 1502 ’

703 1674 988 1740 Declinat
1015 1675 1326 1753 Pholoem
1371 1675 1481 1739 sed
1511 1674 1676 1758 prius
1699 1675 1919 1776 Apulis
2023 1768 2028 1774 ·

959 1760 1004 1824 J
1007 1769 1313 1844 ungentur
1344 1781 1599 1845 capreae
1631 1762 1788 1846 lupis

703 1842 899 1920 Quam
929 1847 1090 1930 turpi
1120 1847 1345 1911 Pholoe
1377 1861 1591 1932 peccet
1620 1848 1915 1912 adultero.

705 1930 807 1996 Sic
838 1933 1031 1996 visum
1061 1933 1316 2013 Veneri,
1348 1933 1447 1996 cui
1478 1934 1678 2017 placet
1706 1934 1967 2019 impares

698 2016 951 2082 Formas
980 2025 1164 2102 atque
1195 2019 1422 2083 animos
1466 2019 1577 2082 sub
1597 2020 1754 2103 juga
1819 2025 2015 2086 aenea

962 2103 1160 2169 Saevo
1195 2105 1436 2168 mittere
1474 2125 1612 2168 cum
1633 2107 1794 2190 joco.

699 2187 737 2253 1
940 2191 1276 2269 me,melior
1303 2211 1442 2254 cum
1472 2196 1714 2276 peteret
1747 2190 1987 2275 Venus,

763 2283 899 2339 rata
927 2276 1188 2340 detinuit
1218 2276 1507 2361 compede
1537 2276 1610 2339 M
1748 2278 1808 2341 le

697 2358 1032 2442 Libertina,
1061 2362 1233 2426 fretis
1263 2362 1461 2426 acrior
1491 2360 1559 2425 H
1674 2362 1687 2375 ⁰

959 2444 1283 2512 curvantis
1316 2446 1604 2523 Calabros
1638 2448 1825 2513 sinus.

818 2828 824 2833 ’
929 2862 1391 2942 c'ARMEN
1448 2875 1854 2943 XXXIV.

638 3234 654 3246 ·
697 3218 956 3284 PARous
985 3219 1236 3285 deorum
1264 3220 1460 3285 cultor
1487 3227 1553 3284 et
1572 3219 1924 3307 infrequens

695 3303 1064 3371 Insanientis
1093 3307 1238 3371 dum
1267 3306 1596 3391 sapientiae

787 3389 1110 3457 Consultus
1138 3414 1296 3472 erro,
1325 3414 1488 3457 nunc
1518 3398 1851 3457 retrorsum

865 3476 1027 3542 Vela
1056 3479 1202 3542 dare
1234 3485 1416 3563 atque
1444 3479 1668 3542 iterare
1699 3498 1913 3543 cursus

703 3559 902 3646 Cogor
929 3564 1171 3629 relictos
1196 3583 1215 3641 3
1259 3585 1522 3647 namque
1550 3563 1884 3649 Diespiter,

698 3646 841 3732 Igni
870 3668 1118 3714 corusco
1146 3650 1354 3714 nubila
1383 3649 1660 3714 dividens
1848 3671 1860 3681 ·

784 3733 1177 3819 Plerumque,
1207 3756 1320 3819 per
1347 3757 1567 3818 purum
1591 3739 1871 3798 tonantes

872 3818 1022 3902 Egit
1049 3841 1235 3903 equos
1265 3820 1691 3902 volucremque
1720 3839 1964 3884 currum

701 3900 837 3979 Quo
864 3904 1046 3969 bruta
1072 3906 1252 3968 tellus
1306 3911 1371 3968 et
1399 3925 1561 3988 vaga
1586 3904 1853 3985 flumina,

699 3987 836 4065 Quo
868 3987 1027 4075 Styx
1055 3997 1120 4055 et
1147 3990 1322 4054 invisi
1348 3991 1597 4055 horrida
1625 3990 1885 4056 Taenari

788 4075 983 4141 Sedes
1033 4076 1290 4141 Atlante
1406 4097 1484 4140 ue
1514 4076 1650 4142 finis
1741 4080 1747 4087 “

869 4161 1248 4226 Concutitur.
1403 4163 1528 4229 alet
1554 4163 1677 4226 ima
1704 4162 1949 4227 summis

695 4244 942 4312 Mutare
997 4256 1061 4312 et
1087 4248 1382 4332 insignem
1413 4255 1694 4313 attenuat
1719 4247 1871 4313 deus

701 4331 978 4398 Obscura
1005 4355 1286 4419 promens
1309 4353 1328 4411 ;
1372 4333 1514 4399 hinc
1545 4335 1780 4420 apicem
1807 4354 2000 4422 rapax

782 4419 1056 4484 Fortuna
1085 4442 1223 4485 cum
1249 4417 1508 4484 stridore
1540 4427 1719 4485 acuto

876 4504 1157 4589 Sustulit,
1184 4507 1284 4571 hic
1315 4507 1585 4592 posuisse
1615 4503 1866 4591 gaudet.

2389 1954 2451 2004 10

2386 2381 2450 2430 15

2384 4012 2447 4062 1⁰
