2900 6042
1156 1453 1290 1502 mn.
1338 1453 1417 1501 11.
1467 1455 1605 1503 sn.
1656 1455 1764 1503 111.

399 1605 538 1674 Pax
565 1628 848 1674 rursum:
895 1610 1049 1674 haec
1079 1609 1131 1673 si
1161 1610 1295 1694 quis
1325 1611 1703 1696 tempestatis
1732 1617 1921 1698 prope'
1948 1614 2073 1678 ritu

399 1694 655 1760 Mobilis
683 1704 748 1760 et
776 1716 964 1761 caeca
991 1697 1291 1771 fluitantia
1319 1707 1481 1761 sorte
1511 1699 1747 1762 laboret

398 1782 690 1850 Reddere
721 1792 891 1848 certa
919 1784 1054 1863 sibi,
1086 1784 1266 1847 nihilo
1299 1785 1432 1867 plus
1464 1785 1724 1869 explicet
1753 1806 1825 1850 ac
1856 1785 1909 1850 si

399 1867 677 1934 Insanire
710 1877 885 1955 paret
914 1879 1086 1935 certa
1115 1872 1345 1934 ratione
1378 1872 1695 1956 modoque.

401 1953 589 2030 Quid.
619 1977 757 2022 cum
790 1957 1033 2021 Picenis
1063 1979 1396 2042 excerpens
1427 1960 1657 2022 semina
1687 1958 1877 2043 pomis

402 2041 653 2108 Gaudes
683 2044 733 2107 si
764 2065 1067 2108 cameram
1098 2045 1364 2128 percusti
1395 2046 1574 2124 forte,
1605 2066 1792 2129 penes
1826 2055 1885 2109 te
1918 2067 1984 2110 es
2011 2043 2039 2110 ἲ

400 2127 588 2208 Quid,
620 2152 758 2194 cum
790 2132 968 2195 balba
996 2130 1141 2195 feris
1173 2153 1396 2195 annoso
1430 2133 1617 2196 verba
1648 2133 1873 2217 palato,

397 2216 786 2282 Aedificante
819 2239 990 2282 casas
1022 2219 1125 2302 qui
1155 2218 1404 2282 sanior?
1493 2219 1679 2283 Adde
1712 2240 1990 2282 cruorem

403 2302 713 2368 Stultitiae
746 2313 930 2388 atque
962 2307 1161 2388 ignem
1197 2305 1401 2388 gladio
1431 2313 1729 2369 scrutare.
1821 2305 2029 2388 Modo,
2060 2296 2329 2392 inquam,

398 2389 665 2454 Hellade
698 2413 985 2475 percussa
1016 2391 1249 2454 Marius
1281 2413 1418 2454 cum
1451 2392 1812 2476 praecipitat
1845 2412 1911 2455 se

401 2475 678 2542 Cet-ritus
708 2479 850 2555 fuit,
881 2500 957 2541 an
990 2486 1323 2541 commotae
1355 2479 1604 2541 crimine
1633 2476 1853 2541 mentis

397 2564 700 2628 Absolves
730 2565 1029 2627 hominem
1061 2573 1126 2627 et
1154 2564 1400 2628 sceleris
1432 2564 1744 2627 damnabis
1774 2563 2059 2644 eundem,

399 2650 498 2715 Ex
528 2673 692 2715 more
725 2652 1037 2733 imponens
1068 2660 1329 2732 cognata
1360 2651 1654 2713 vocabula
1682 2651 1863 2714 rebus
1888 2648 1916 2714 ἲ

399 2736 751 2800 Libertinus
783 2746 939 2815 erat,
971 2737 1075 2820 qui
1107 2737 1334 2800 circum
1366 2738 1629 2821 compita
1658 2738 1856 2800 siccus
1886 2747 1893 2754 '

400 2822 614 2886 Lautis
643 2844 821 2886 mane
853 2845 1038 2887 senex
1071 2824 1346 2887 manibus
1377 2824 1665 2887 currebat
1693 2831 1779 2903 et,
1813 2823 2126 2888 Unum—

402 2906 564 2983 Quid
596 2918 720 2973 tam
749 2909 1083 2994 magnum?
1130 2910 1360 2975 addens
1379 2949 1484 2990 —,
1510 2934 1695 2974 unum
1726 2932 1823 2974 me
1854 2911 2085 2995 surpite
2115 2911 2318 2992 morti,

399 2995 513 3061 Dis
544 2992 767 3060 etenim
798 2998 976 3061 facile
1007 3006 1100 3061 est
1126 2996 1141 3062 l
1189 2998 1437 3075 orabat3
1485 3019 1667 3062 sanus
1698 2998 1973 3081 utrisque

396 3082 671 3148 Auribus
702 3093 886 3168 atque
916 3086 1142 3160 oculis3
1188 3093 1478 3163 mentem,
1508 3086 1624 3148 nisi
1654 3085 1973 3168 litigiosus,

398 3167 730 3256 Exciperet
758 3172 1033 3235 dominus
1064 3193 1202 3236 cum
1231 3172 1542 3235 venderet.
1631 3172 1770 3236 Hoc
1801 3193 2044 3272 quoque
2072 3171 2285 3257 volgus

401 3256 776 3343 Chrysippus
809 3260 975 3343 ponit
1004 3259 1269 3323 fecunda
1296 3259 1360 3322 in
1390 3268 1573 3342 gente
1604 3259 1877 3322 Menem.

395 3341 707 3429 Juppiter,
738 3346 1017 3428 ingentes
1049 3347 1153 3430 qui
1186 3346 1296 3409 das
1326 3346 1660 3429 adimisque
1694 3345 1953 3423 dolores,

397 3429 607 3504 Mater
635 3433 721 3496 ait
749 3433 922 3517 pueri
953 3455 1190 3496 menses
1221 3434 1352 3516 jam
1381 3434 1649 3517 quinque
1681 3433 1981 3512 cubantiS,

395 3515 650 3602 Frigida
679 3519 728 3582 si
760 3541 1015 3604 puerum
1045 3528 1346 3603 quartana.
1375 3519 1754 3603 relinquerit,
1786 3519 1889 3582 illo

396 3603 586 3668 Mane
617 3605 715 3669 die
748 3628 867 3689 quo
901 3614 966 3669 tu
997 3607 1212 3668 indicis
1233 3605 1470 3689 jejunia.
1500 3606 1699 3668 nudus

395 3690 475 3755 In
506 3692 710 3755 Tiberi
740 3693 944 3755 stabit.
1040 3693 1233 3756 Casus
1265 3692 1611 3755 medicusve
1642 3691 1860 3754 levarit

394 3777 676 3862 Aegrum
708 3800 784 3841 ex
816 3779 1129 3862 praecipiti
1161 3789 1355 3840 mater
1386 3777 1579 3841 delira
1608 3777 1853 3840 necabit

394 3863 473 3928 In
504 3865 708 3949 gelida
739 3866 924 3928 fixum
958 3866 1089 3948 ripa
1118 3865 1455 3947 febrimque
1490 3863 1782 3940 reducet;

395 3948 611 4025 Quone
642 3949 800 4016 malo
829 3961 1094 4014 mentem
1126 3949 1468 4014 concussa?
1544 3950 1783 4014 Timore
1817 3949 2090 4013 deorum.

393 4036 573 4102 Haec
603 4039 746 4102 mihi
783 4037 1132 4116 StertiniuS,
1163 4038 1507 4122 sapientum
1538 4047 1811 4115 octavus,
1844 4035 2036 4099 amico

372 4125 591 4189 ·Arma
621 4118 813 4206 dedit,
845 4126 1091 4210 posthac
1124 4147 1201 4188 ne
1234 4125 1635 4208 compellerer·
1658 4124 1908 4188 inultus.

393 4211 637 4277 Dixerit
664 4213 939 4277 insanum
971 4214 1074 4295 qui
1103 4235 1200 4276 me
1236 4212 1484 4275 totidem
1516 4212 1725 4276 audiet
1754 4218 1940 4295 atque

393 4297 727 4385 Respicere
759 4300 964 4383 ignoto
994 4300 1188 4362 discet
1218 4299 1547 4383 pendentia
1577 4297 1814 4386 tergo.’'

393 4389 438 4425 “
464 4385 690 4467 Stoice,
724 4394 858 4471 post
889 4387 1173 4450 damnum
1204 4387 1290 4450 sic
1323 4386 1551 4449 vendas
1581 4387 1781 4450 omnia
1811 4383 2026 4469 pluria,

396 4470 534 4547 Qua
563 4495 658 4537 me
689 4473 968 4553 stultitia,
1002 4474 1281 4557 quoniam
1314 4495 1432 4535 non
1464 4480 1559 4537 est
1589 4494 1782 4555 genus
1810 4492 2024 4549 unum,

393 4558 671 4624 Insanire
701 4559 923 4645 putas?
970 4582 1084 4643 ego
1114 4581 1254 4622 nam
1289 4560 1495 4622 videor
1523 4560 1669 4622 mihi
1695 4558 1948 4622 sanus.'’

393 4650 437 4685 ‘⁶
460 4647 644 4726 Quid,
675 4655 860 4731 caput
889 4648 1217 4711 abscissum
1251 4646 1499 4710 demens
1530 4667 1668 4709 cum
1700 4653 1902 4729 portat
1932 4645 2152 4729 Agave

395 4731 585 4798 Gnati
611 4734 889 4813 infelicia,
921 4734 1034 4797 sibi
1065 4743 1193 4796 tum
1224 4733 1450 4796 furiosa
1483 4733 1723 4796 videtur
1748 4730 1775 4794 ’ἓ
1802 4732 1844 4762 ”

391 4823 437 4861 “
467 4819 734 4885 Stultum
764 4822 1110 4900 mefateor,
1141 4821 1324 4884 liceat
1352 4819 1686 4883 concedere
1720 4819 1901 4899 vel-ie,
2087 4880 2093 4887 .

378 4906 605 4993 -Atque
637 4908 819 4972 etiam
848 4908 1158 4985 insanum3
1207 4914 1441 4970 tantum
1472 4908 1584 4971 hoc
1617 4905 1907 4987 edissere,
1938 4925 2059 4990 quo
2088 4924 2186 4969 me

391 4993 737 5080 Aegrotare
769 5001 947 5081 putes
976 4995 1158 5060 animi
1189 4992 1431 5059 vitio?''
1523 4999 1561 5035 “
1579 4993 1854 5079 Accipe:
1898 4993 2159 5079 primum

2377 1443 2506 1511 165

2408 2242 2506 2291 275

2405 4404 2499 4454 300
