2900 6042
563 1060 750 1123 cssumuu
858 1093 861 1096 >

491 1380 720 1448 CARMEN
749 1383 792 1448 V.

296 1722 377 1798 Qurs
392 1724 487 1788 multa
501 1725 621 1806 gracilis
635 1730 666 1788 te
681 1747 758 1811 puer
771 1727 802 1790 in
818 1748 887 1794 rosa

296 1808 442 1873 Perfusus
455 1810 576 1892 liquidis
591 1818 682 1894 urget
696 1811 836 1877 odoribus
882 1846 886 1852 ·

340 1893 446 1974 Grato,
461 1895 592 1979 Pyrrha,
607 1896 662 1959 sub
678 1897 789 1961 antro?

384 1977 442 2043 cui
455 1980 564 2044 flavam
579 1982 690 2065 religas
706 2004 821 2048 comam
946 1982 955 2001 ‘
1174 2056 1182 2069 ‚

297 2064 430 2149 Simplex
444 2065 623 2129 munditiis?
668 2066 741 2130 Heu
768 2069 884 2152 quoties
898 2068 990 2133 fidem
1149 2089 1167 2140 5

231 2180 233 2183 ·
294 2150 490 2235 Mutatesque
506 2150 578 2215 deos
591 2151 675 2215 flebit
689 2161 721 2216 et
736 2175 844 2239 aspera

336 2235 443 2320 Nigris
458 2257 590 2320 aequora
605 2237 702 2301 ventis

381 2321 566 2386 Emirabitur
581 2323 710 2386 insolens

295 2405 355 2481 Qui
369 2427 450 2471 nune
465 2413 497 2469 te
511 2408 622 2470 fruitur
636 2408 778 2472 credulus
793 2429 905 2486 aurea;

296 2490 356 2566 Qui
370 2512 489 2574 semper
501 2513 638 2571 vacuam,
654 2514 773 2578 semper
787 2495 945 2560 amabilem
1135 2516 1166 2567 ιο

340 2575 451 2660 Sperat
477 2578 595 2641 nescius
610 2598 701 2642 aurae

382 2661 524 2726 Falleris.
569 2662 676 2726 Miseri
702 2665 811 2748 quibus

295 2745 453 2811 Intentata
466 2749 545 2812 nites
558 2746 580 2813 l'
610 2749 663 2812 Me
679 2752 782 2815 tabula
796 2771 883 2815 sacer

295 2832 409 2899 Votiva
422 2835 522 2918 paries
536 2833 650 2898 indicat
663 2837 757 2901 uvida

337 2916 396 2984 Sus
435 2919 536 2984 ndisse
551 2921 665 3004 potenti

413 3005 678 3072 estimentemaris
693 3004 761 3071 deo.

473 3437 709 3507 GARMEN
733 3435 812 3505 VI.

296 3775 470 3843 Summus
484 3777 579 3842 Vario
593 3777 678 3852 fortis
694 3784 726 3840 et
739 3776 870 3841 hostium

293 3863 402 3930 Victor
415 3864 549 3928 Maeonii
563 3862 702 3928 carminis
717 3862 800 3941 alite,
1343 3936 1345 3941 Ι

293 3948 390 4025 Quam
404 3971 469 4014 rem
485 3971 603 4033 cunque
619 3950 703 4012 ferox
717 3949 844 4012 navibus
858 3953 912 4012 aut
927 3946 1012 4033 equis
1328 3964 1354 4076 g

334 4036 426 4100 Miles
452 4043 483 4100 te
499 4037 576 4100 duce
610 4036 749 4119 gesserit.

293 4120 370 4199 Nes,
385 4123 535 4208 Agrippa,
547 4144 644 4206 neque
660 4123 735 4186 haee
750 4121 851 4184 dicere
867 4141 935 4186 mee
949 4140 1075 4207 gravem
1147 4140 1163 4191 s

293 4205 417 4272 Pelidae
432 4210 617 4273 stomachum
631 4208 739 4272 cedere
754 4208 848 4271 nescii

291 4292 359 4358 Nee
375 4314 480 4360 cursus
495 4296 621 4379 duplicis
637 4316 690 4379 per
704 4315 787 4358 mare
804 4292 905 4358 Ulixei

335 4378 404 4444 Nee
419 4402 539 4447 saevam
554 4380 674 4466 Pelopis
689 4381 809 4444 domum
897 4440 902 4451 ,

293 4462 564 4553 Conamurssenues
578 4468 715 4552 grandia,
732 4467 804 4529 dum
818 4465 916 4549 pudor

293 4547 485 4637 imbellisque
500 4555 584 4638 lyrae
600 4552 691 4617 Musa
705 4560 812 4637 potens
826 4561 910 4617 vetat
1134 4571 1164 4620 ιο
