2900 6042
478 1387 605 1454 232
1290 1402 1413 1451 aas
1458 1390 1747 1450 rostrum.

480 1558 675 1624 Omne
705 1557 843 1621 tulit
870 1563 1160 1641 punctum
1212 1555 1316 1641 qui
1344 1556 1586 1620 miscuit
1608 1556 1755 1619 utile
1788 1553 1973 1634 dulci,

478 1644 796 1708 Lectorem
822 1642 1177 1706 delectando
1208 1643 1553 1726 pariterque
1584 1641 1899 1705 monendo·

477 1730 600 1793 Hic
632 1737 823 1792 meret
852 1750 996 1792 aera
1025 1730 1175 1791 liber
1207 1727 1418 1806 Sosiis3
1443 1729 1540 1791 hic
1571 1735 1637 1790 et
1664 1748 1830 1790 mare
1858 1726 2078 1790 transit

479 1815 565 1879 Et
593 1817 832 1897 longum
864 1825 1003 1877 noto
1032 1814 1306 1897 scriptori
1336 1820 1622 1898 prorogat
1648 1833 1884 1875 aevum.

482 1900 641 1965 Sunt
669 1900 890 1963 delicta
921 1908 1120 1962 tamen
1174 1900 1390 1982 quibus
1418 1900 1718 1981 ignovisse
1751 1898 2040 1961 velimus:

479 1987 641 2050 Nam
670 2006 865 2068 neque
895 1985 1120 2048 chorda
1148 2005 1358 2048 sonum
1392 1983 1594 2047 reddit
1621 2004 1802 2068 quem
1830 1983 1962 2046 vult
1985 2002 2198 2047 manus
2227 1988 2293 2047 et
2318 2001 2510 2062 mens,

479 2071 881 2154 Poscentique
913 2091 1159 2152 gravem
1190 2091 1478 2154 persaepe
1508 2070 1761 2133 remittit
1789 2077 2072 2145 acutum3

479 2155 615 2221 Nec
647 2177 883 2239 semper
912 2156 1109 2232 feriet,
1141 2155 1544 2239 quodcunque
1591 2154 1934 2234 minabitur,
1963 2174 2162 2218 arcus.
2263 2166 2267 2170 ’

478 2241 713 2306 'Verum
744 2242 844 2304 ubi
873 2242 1045 2325 plura
1073 2241 1269 2303 nitent
1302 2241 1364 2303 in
1396 2241 1659 2325 carmine
1707 2262 1826 2303 non
1862 2260 1977 2324 ego
2012 2239 2220 2325 paucis

482 2326 769 2392 Offendar
797 2327 1066 2405 maculis,
1098 2347 1248 2410 quas
1278 2333 1386 2389 aut
1411 2326 1648 2390 incuria
1675 2325 1834 2388 fudit

477 2414 613 2478 Aut
640 2413 902 2476 humana
931 2433 1140 2495 parum
1171 2411 1332 2475 cavit
1359 2418 1598 2475 natura.
1689 2409 1849 2485 Quid
1879 2431 2025 2495 ergo
2052 2409 2195 2476 est?

479 2498 571 2564 Ut
599 2497 853 2581 scriptor
882 2499 931 2561 si
962 2504 1179 2582 peccat
1205 2497 1367 2561 idem
1394 2497 1673 2561 librarius
1700 2517 1915 2581 usque,

480 2583 768 2659 Quamvis
797 2596 890 2648 est
918 2585 1174 2648 monitus
1227 2584 1405 2647 venia
1432 2589 1644 2660 caret;
1691 2589 1761 2646 ut
1789 2580 2172 2647 citharoedus

480 2669 741 2734 Ridetur
792 2669 1017 2734 chorda
1045 2669 1147 2754 qui
1177 2690 1415 2753 semper
1443 2668 1685 2732 oberrat
1714 2668 1927 2731 eadem
1954 2690 1970 2731 ε

484 2754 585 2820 Sic
614 2756 756 2819 mihi
809 2757 913 2839 qui
944 2756 1196 2818 multum
1227 2760 1426 2819 cessat
1478 2755 1548 2817 fit
1578 2753 1889 2817 Choerilus
1917 2753 2044 2833 ille,

481 2839 676 2915 Quem
706 2841 797 2904 bis
826 2841 1243 2904 terve‘bonum
1274 2861 1410 2904 cum
1440 2840 1566 2903 risu
1594 2840 1796 2916 miror,
1826 2846 1891 2903 et
1917 2837 2076 2905 idem

478 2924 773 3009 Indignor
802 2925 1158 3011 quandoque
1189 2926 1377 2989 bonus
1407 2925 1691 2989 dormitat
1721 2924 2065 3001 Homerus;

484 3009 750 3091 (Verum
783 3010 950 3093 operi
981 3010 1158 3093 longo
1188 3011 1281 3073 fas
1311 3021 1407 3075 est
1434 3013 1728 3096 obrepere
1757 3009 2077 3093 somnum.)

481 3092 576 3158 Ut
603 3094 838 3177 pictura
892 3095 1130 3177 poesis:
1178 3095 1295 3156 erit
1323 3116 1481 3178 quae
1533 3097 1583 3159 si
1613 3095 1854 3179 propius
1882 3101 2027 3173 stes,

481 3177 570 3242 Te
600 3177 799 3262 capiat
826 3178 1039 3262 magis,
1070 3186 1133 3242 et
1161 3179 1459 3262 quaedam
1509 3181 1562 3244 si
1588 3181 1825 3266 longius
1853 3180 2096 3244 abstes:

481 3262 658 3328 Haec
689 3271 851 3327 amat
879 3265 1221 3346 obscurum,
1250 3266 1415 3330 volet
1443 3266 1596 3331 haec
1626 3267 1738 3330 sub
1768 3267 1904 3331 luce
1936 3266 2154 3348 videri,

479 3348 525 3414 J
529 3349 717 3413 udicis
747 3357 1027 3433 argutum
1056 3371 1210 3434 quae
1241 3372 1358 3414 non
1388 3351 1670 3415 formidat
1697 3372 1951 3416 acumen
1976 3372 1993 3429 ;

460 3433 658 3523 ‚Haec
691 3435 917 3517 placuit
945 3437 1151 3515 semel,
1182 3437 1330 3500 baec
1361 3436 1561 3501 decies
1591 3437 1850 3523 repetita
1878 3436 2158 3522 placebit.

483 3514 540 3584 Ο
569 3521 760 3604 major
777 3521 1092 3605 juvenum,
1122 3523 1392 3606 quamvis
1422 3531 1487 3586 et
1514 3544 1659 3587 voce
1690 3531 1944 3607 paterna

480 3603 760 3689 Fingeris
790 3606 867 3669 ad
900 3615 1131 3671 rectum
1159 3615 1223 3671 et
1252 3629 1362 3692 per
1389 3615 1450 3672 te
1479 3609 1660 3692 sapis,
1689 3608 1801 3672 hoc
1833 3608 1940 3672 tibi
1971 3607 2199 3672 dictum

479 3690 648 3755 Tolle
676 3713 926 3773 memor,
971 3693 1156 3757 certis
1196 3692 1461 3757 medium
1504 3705 1570 3760 et
1588 3694 1893 3758 tolerabile
1924 3693 2107 3758 rebus

479 3777 674 3841 Recte
706 3778 975 3844 concedi.
1023 3778 1349 3844 Consultus
1381 3779 1540 3865 juris
1584 3784 1649 3842 et
1686 3788 1855 3843 actor

481 3861 846 3928 Caussarum
875 3864 1188 3928 mediocris
1218 3865 1389 3928 abest
1417 3865 1639 3928 virtute
1670 3865 1879 3929 diserti

478 3949 779 4013 Messalae
832 3970 944 4013 nec
974 3950 1090 4013 scit
1117 3955 1405 4034 quantum
1436 3946 1764 4014 Cascellius
1797 3951 2017 4030 Aulus,

483 4033 608 4099 Sed
639 4042 842 4098 tamen
869 4035 932 4098 in
962 4036 1152 4118 pretio
1183 4042 1277 4098 est
1305 4055 1322 4110 ;
1366 4034 1770 4100 mediocribus
1799 4056 1933 4100 esse
1964 4034 2161 4121 poetis

480 4120 622 4183 Non
652 4120 940 4199 homines,
968 4143 1089 4185 non
1118 4120 1202 4198 di,
1231 4142 1349 4183 non
1379 4141 1727 4184 concessere
1762 4122 2094 4186 columnae.

480 4205 573 4270 Ut
602 4214 808 4289 gratas
836 4207 995 4270 inter
1025 4227 1261 4270 mensas
1289 4206 1643 4291 symphonia
1670 4206 1895 4270 discors

481 4292 565 4354 Et
593 4313 861 4355 crassum
892 4298 1266 4375 unguentum
1295 4301 1359 4356 et
1391 4290 1585 4355 Sardo
1615 4313 1751 4355 cum
1781 4292 1956 4356 melle
1987 4314 2254 4380 papaver

482 4374 831 4456 Offendunt,
867 4386 1104 4462 poterat
1132 4377 1270 4441 duci
1301 4379 1443 4462 quia
1472 4398 1660 4441 coena
1688 4376 1815 4442 sine
1846 4378 1975 4441 istis
2000 4399 2017 4455 ;

483 4460 582 4525 Sic
615 4463 826 4527 animis
856 4471 1062 4526 natum
1091 4465 1518 4547 inventumque
1549 4464 1763 4547 poema
1779 4463 2090 4549 juvandis,

428 4548 436 4555 ’
481 4546 547 4625 Sj
579 4551 833 4630 paulum·
869 4571 1099 4614 summo
1129 4550 1407 4628 decessit,
1441 4550 1638 4633 vergit
1667 4550 1745 4612 ad
1774 4549 1978 4613 imum.

477 4632 718 4697 Ludere
749 4634 850 4719 qui
883 4636 1096 4712 nescit,
1128 4635 1561 4720 campestribus
1590 4636 1851 4698 abstinet
1878 4633 2081 4715 annia,

478 4717 885 4804 Indoctusque
916 4721 1070 4804 pilae
1102 4720 1324 4784 discive
1358 4722 1624 4786 trochive
1657 4722 1935 4806 quiescit,

367 4878 385 4891 ‘
476 4803 577 4868 Ne
608 4804 831 4888 spissae
862 4828 1045 4871 risum
1074 4808 1287 4870 tollant
1313 4807 1553 4891 impune
1586 4827 1839 4871 coronae
1868 4829 1884 4870 ε

476 4887 596 4962 Qui
626 4891 819 4956 nescit
869 4912 1078 4956 versus
1106 4902 1308 4956 tamen
1337 4893 1522 4957 audet
1547 4893 1801 4977 fingere.
1891 4888 2118 4967 Quidni
2141 4887 2171 4956 ἲ

2468 2176 2566 2228 350
