2900 6042
613 1283 740 1331 EPODON
761 1283 869 1331 mn.

353 1434 407 1500 Ad
419 1455 480 1500 non
493 1434 603 1500 amicos
625 1434 689 1499 hen
720 1409 909 1586 mihim·
934 1435 1042 1503 ethan

396 1520 513 1584 Limina
528 1520 615 1601 dura,
629 1522 738 1606 quibus
752 1522 814 1584 lum
881 1529 915 1585 et
927 1521 1038 1608 infregi
1050 1523 1144 1590 latas.

354 1605 446 1669 Nunc
473 1606 626 1688 gloriantis
641 1607 806 1690 quamlibet
818 1607 1026 1672 mulierculam

396 1690 528 1754 Vincere
544 1693 665 1755 mollitie
692 1712 776 1755 amor
790 1691 911 1775 Lycisci
925 1713 973 1756 me
988 1700 1086 1779 tenet,

354 1774 446 1840 Unde
461 1776 602 1859 expedire
616 1798 676 1840 non
692 1777 854 1840 amicorum
869 1784 983 1860 queant
1237 1801 1271 1850 π

397 1860 508 1924 Libera
522 1862 643 1925 consilia
656 1883 713 1925 nec
727 1862 925 1926 contumeliae
940 1884 1063 1950 graves,

355 1944 418 2010 sed
433 1946 508 2011 alius
523 1946 613 2010 artior
626 1954 680 2011 aut
693 1947 813 2031 puellae
824 1947 971 2012 candidae

397 2025 465 2095 Aut
478 2031 582 2096 teretis
596 2032 683 2117 pueri
695 2033 816 2116 longam
830 2032 1004 2100 renodantis
1018 2052 1144 2100 comam·

561 2456 790 2524 GARMEN
822 2457 926 2525 XII.
1036 2564 1042 2575 .

311 2796 396 2873 Quin
410 2797 465 2862 tibi
479 2798 535 2878 vis,
549 2799 657 2864 mulier
670 2800 765 2885 nigris
779 2800 954 2886 dignissima
965 2798 1087 2867 bunut

353 2883 484 2947 Munera
494 2883 567 2968 quid
578 2884 773 2970 mihi‚quidve
788 2888 914 2952 tabellas

310 2965 408 3031 Mittis
433 2991 489 3033 nec
504 2970 589 3034 firmo
598 2973 706 3055 juveni
718 2994 818 3057 neque
832 2973 914 3037 naris
927 2969 1061 3049 obesae?

353 3053 493 3137 Namque
508 3057 645 3139 sagacius
660 3079 737 3120 unus
752 3058 869 3137 odoror,

310 3136 366 3201 Pol
408 3160 444 3201 ns
470 3159 509 3201 an
523 3143 623 3222 gravis
637 3143 760 3206 hirsutis
774 3143 865 3206 cubet
879 3142 980 3208 hircus
993 3140 1108 3224 iu-ul'a,
1246 3165 1265 3213 e

382 3244 451 3286 uam
462 3225 544 3288 canis
558 3248 630 3290 acer
655 3228 705 3291 ubi
715 3229 810 3291 lateat
824 3249 885 3292 sus.

311 3305 369 3381 Qui
384 3309 475 3373 sudor
488 3310 575 3375 vietis
590 3319 622 3375 et
635 3333 725 3396 quam
736 3314 831 3377 malus
845 3313 979 3398 undique
992 3311 1134 3379 naamis

353 3392 470 3458 Crescit
484 3396 567 3477 odor,
587 3417 658 3461 cum
679 3419 759 3482 pene
780 3399 876 3463 soluto

308 3476 488 3544 indomitam
502 3490 644 3566 properat
656 3484 770 3548 rabiem
784 3484 892 3548 sedare
905 3503 914 3561 ;
934 3504 1035 3569 neque
1047 3483 1093 3550 illi

351 3565 423 3631 Jaru
436 3574 538 3631 manet
550 3568 673 3631 humida
686 3577 772 3633 creta
796 3570 936 3654 colorque
1232 3592 1265 3642 ιο

311 3648 450 3715 Stercore
465 3654 584 3717 fucatus
599 3655 751 3735 crocodili,
761 3656 886 3739 jamque
900 3652 1036 3720 mando

352 3736 450 3801 Teuta
464 3739 573 3803 cubilia
587 3745 730 3823 tectaque
744 3739 875 3824 rumpit!

310 3818 371 3885 Vel
385 3843 453 3885 mea
478 3843 547 3887 cum
569 3825 668 3888 saevis
685 3826 782 3908 agitat
796 3826 917 3891 fastidia
929 3824 1048 3890 verbis:

351 3904 477 3970 Inachia
489 3908 614 3991 langues
628 3911 726 3974 minus
741 3932 777 3975 ac
790 3933 837 3974 me
850 3932 860 3989 ;

309 3988 463 4054 Inachiam
478 3999 525 4055 ter
538 4002 625 4058 nocte
641 4002 738 4078 potes,
769 3997 841 4060 mihi
856 4017 974 4080 semper
988 3994 1030 4060 ad
1042 4015 1136 4060 unum
1232 4018 1264 4067 15

351 4073 451 4139 Mollis
465 4097 550 4160 opus.
594 4080 707 4145 Pereat
721 4083 797 4145 male
825 4103 902 4166 quae
917 4088 948 4145 te

308 4159 418 4225 Lesbia
445 4166 601 4245 quaerenti
616 4172 736 4229 tanmm
761 4167 938 4231 monstravit
951 4166 1091 4253 inertemJ

354 4246 432 4310 Cum
454 4248 527 4312 mihi
552 4250 631 4314 (lons
646 4252 767 4316 adesset
780 4253 942 4337 Amyntas,
1016 4312 1020 4319 .

308 4329 402 4414 Cujus
416 4333 446 4396 in
461 4333 602 4411 indoinito
618 4338 800 4401 constantior
810 4338 932 4421 inguine
947 4356 1058 4401 nervus

353 4414 450 4490 Quam
465 4440 543 4484 nova
557 4423 680 4486 collibus
694 4425 783 4487 arbor
796 4422 944 4486 inhaeret.
1231 4441 1264 4492 m

310 4499 476 4567 Muricibns
490 4506 589 4590 Tyriis
603 4507 730 4572 iteratae
745 4509 858 4572 vellera
871 4509 959 4572 lanae

354 4587 411 4652 Oui
425 4592 687 4675 properabanturl
732 4593 798 4658 Tibi
812 4615 932 4677 nempe,

310 4671 360 4735 Ne
375 4673 457 4737 foret
467 4678 607 4758 aequales
621 4679 700 4743 inter
714 4678 851 4758 conviva,
865 4678 961 4763 magis
975 4696 1068 4762 quern

352 4757 501 4840 Diligeret
514 4764 620 4827 mulier
634 4784 690 4828 sua
704 4784 794 4848 quam
808 4772 850 4828 te.
