2900 6042
1000 1522 1129 1569 LIB-
1175 1522 1270 1569 IV.
1319 1522 1515 1568 GARM.
1563 1522 1643 1568 11.

697 1673 898 1740 Morte
929 1673 1240 1754 Centauri,
1271 1674 1492 1738 cecidit
1520 1675 1868 1740 tremendae

1035 1759 1308 1823 Flamma
1339 1759 1692 1824 Chimaerae
1719 1781 1738 1837 ;

699 1844 842 1909 Sive
896 1865 1044 1928 quos
1074 1845 1226 1909 Elea
1256 1845 1497 1908 domum
1525 1845 1763 1910 reducit

696 1929 910 1993 Palma
933 1931 1228 1994 caelestes
1279 1931 1617 2014 pugilemve
1648 1951 1946 2014 equumve
1990 1966 1999 1973 ·

693 2015 862 2101 mit
913 2022 978 2078 et
1007 2022 1248 2078 centum
1276 2017 1504 2098 potiore
1533 2015 1721 2098 signis
1812 2094 1817 2098 .

1034 2098 1292 2163 Munere
1322 2100 1508 2163 donat
1538 2121 1554 2166 ε

692 2184 907 2249 Flebili
936 2204 1188 2267 sponsae
1208 2185 1571 2267 juvenemve
1601 2191 1842 2269 raptum

693 2269 903 2334 Plorat
953 2276 1018 2331 et
1044 2269 1203 2332 vires
1232 2269 1612 2352 animumque
1640 2266 1955 2356 moresque

691 2355 932 2418 Aureos
963 2352 1168 2416 educit
1196 2353 1257 2416 in
1286 2361 1462 2433 astra,
1499 2354 1792 2438 nigroque

1031 2436 1279 2500 Invidet
1308 2436 1490 2502 Orco.

691 2521 894 2586 Multa
919 2521 1248 2585 Dircaeum
1273 2521 1438 2585 levat
1467 2542 1616 2586 aura
1644 2542 1903 2604 cycnum

689 2607 934 2687 Tendit,
966 2606 1219 2685 Antoni,
1250 2607 1523 2690 quotiens
1551 2605 1616 2667 in
1646 2607 1799 2670 altos

691 2692 963 2757 Nubium
993 2697 1244 2754 tractus.
1334 2689 1471 2773 Ego
1524 2691 1652 2776 apis
1679 2691 1952 2757 Matinae

1031 2774 1207 2839 More
1235 2776 1531 2859 modoque

691 2859 888 2926 Grata
914 2860 1216 2944 carpentis
1247 2860 1456 2944 thyma·
1482 2880 1593 2945 per
1618 2860 1886 2926 laborem

686 2946 1023 3011 Plurimum
1073 2945 1236 3009 circa
1260 2966 1474 3009 nemus
1500 2945 1786 3031 uvidique

684 3031 923 3096 Tiburis
951 3031 1113 3114 ripas
1134 3050 1384 3114 operosa
1411 3050 1635 3115 parvus

1031 3114 1312 3180 Carmina
1336 3115 1519 3198 fingo.

688 3198 983 3265 concines
1010 3201 1232 3284 majore
1263 3201 1442 3284 poeta
1471 3202 1701 3285 plectro

685 3284 1010 3351 Gaesarem
1054 3285 1412 3369 quandoque
1445 3285 1644 3349 trahet
1670 3285 1905 3350 feroces

683 3369 809 3434 Per
833 3391 1071 3435 sacrum
1100 3370 1319 3434 clivum
1368 3370 1584 3433 merita
1612 3369 1866 3436 decorus

1021 3455 1261 3519 Fronde
1323 3454 1711 3539 Sygambros,

684 3538 818 3613 Quo
844 3539 990 3603 nihil
1018 3541 1212 3625 majus
1240 3540 1527 3603 meliusve
1557 3541 1738 3603 terris

685 3624 845 3688 Fata
873 3626 1171 3688 donavere
1200 3624 1458 3708 bonique
1488 3624 1633 3703 divi,

685 3709 822 3774 Nec
854 3709 1084 3772 dabunt
1134 3710 1405 3791 quamvis
1433 3708 1689 3772 redeant
1714 3709 1779 3771 in
1806 3726 2018 3772 aurum

940 3793 1236 3876 Tempora
1263 3793 1546 3877 priscum.

688 3875 983 3942 Concines
1010 3878 1319 3960 laetosque
1350 3877 1479 3941 dies
1509 3884 1573 3940 et
1600 3875 1786 3941 Urbis

686 3962 1002 4026 Publicum
1029 3962 1237 4025 ludum
1289 3983 1490 4047 super·
1504 3963 1825 4047 impetrato

683 4047 884 4112 Fortis
910 4047 1180 4130 Augusti
1206 4048 1406 4111 reditu
1433 4047 1747 4131 forumque

1025 4132 1260 4196 Litibus
1292 4133 1523 4197 orbum.

683 4215 839 4295 Tum
863 4237 1035 4282 meae
1088 4218 1141 4282 si
1168 4218 1313 4302 quid
1339 4218 1554 4302 loquar
1580 4212 1944 4282 audiendum

682 4301 871 4367 Vocis
900 4304 1152 4367 accedet
1177 4304 1334 4368 bona
1401 4325 1502 4368 ars
1530 4313 1617 4387 et,
1650 4303 1706 4370 Ο
1741 4303 1848 4370 Sol

682 4385 985 4453 Pulcher!
1037 4406 1073 4448 o
1118 4388 1341 4452 laudan
1384 4388 1460 4454 e!
1507 4409 1741 4468 canam,
1769 4393 2017 4473 recepto

1025 4472 1286 4537 Caesare
1315 4474 1479 4536 felix.

681 4555 890 4640 Teque
930 4554 1076 4619 dum
1104 4555 1406 4656 procedis,
1449 4556 1509 4621 io
1537 4555 1903 4640 Triumphe!

683 4640 828 4705 Non
854 4642 1040 4705 semel
1067 4640 1357 4720 dicemus,
1399 4641 1460 4705 io
1486 4640 1852 4724 Triumphe!

556 4734 575 4751 ⁰
688 4725 918 4792 Civitas
945 4726 1136 4791 omnis
1186 4725 1577 4808 dabimusque
1608 4725 1761 4789 divis

1023 4810 1229 4876 Thura
1260 4809 1557 4894 benignis.

679 4894 769 4960 Te
799 4895 1010 4961 decem
1025 4895 1197 4961 tauri
1225 4894 1593 4980 totidemque
1626 4913 1883 4976 vaccae,
1925 4899 1938 4906 “

685 4980 795 5046 Me
821 4982 1214 5129 tenerssolvet
1241 4980 1472 5046 vitulus·
1512 4979 1758 5045 relicta:
1801 5007 1805 5011 ·

2267 3814 2331 3864 40
