2900 6042
1271 1417 1585 1465 omn.

600 1522 619 1539 ⁰
727 1567 1016 1633 Libenter
1041 1567 1154 1632 hoo
1188 1574 1252 1632 et
1280 1589 1454 1632 omne
1475 1569 1832 1635 militabitur

809 1653 1049 1717 Bellum
1079 1655 1142 1717 in
1173 1662 1312 1717 tuae
1343 1675 1512 1737 spem
1540 1656 1795 1738 gratiae,

719 1737 863 1803 Non
890 1747 961 1803 ut
979 1739 1258 1824 juvencis
1286 1739 1516 1822 illigata
1545 1742 1814 1825 pluribus

808 1825 1038 1888 Aratra
1066 1826 1335 1888 nitantur
1362 1847 1519 1905 mea,

723 1909 997 1975 Pecusve
1031 1909 1300 1974 Calabris
1331 1917 1471 1974 ante
1502 1910 1665 1976 sidus
1694 1911 1992 1977 fervidum

809 1994 1058 2058 Lucana
1086 2003 1280 2058 mutet
1309 1997 1567 2079 pascum,

722 2079 822 2144 Ne
866 2100 944 2143 ue
975 2089 1046 2143 ut
1075 2082 1318 2164 superni
1351 2082 1491 2145 villa
1521 2083 1783 2147 candens
1814 2083 2061 2149 Tusculi

862 2166 1065 2229 ircaea
1093 2173 1307 2249 tangat
1334 2168 1590 2230 moenia.

720 2248 883 2317 Satis
897 2271 1209 2336 =superque
1240 2273 1335 2314 me
1365 2252 1704 2336 benignitas
1734 2260 1842 2318 tus

804 2335 1072 2399 Ditavit:
1120 2336 1282 2400 haud
1311 2358 1604 2421 paravero

723 2418 900 2494 Quod
929 2428 1038 2484 aut
1087 2441 1304 2485 avarus
1333 2428 1403 2485 ut
1433 2421 1724 2487 Chremes
1775 2430 1943 2488 terra.
1968 2445 2259 2510 premam,

807 2505 1153 2571 Diseinotus
1183 2513 1290 2571 aut
1316 2507 1567 2594 perdam
1594 2529 1801 2594 nepos·

1097 2930 1562 2998 CARMEN
1619 2933 1746 3000 11-.

718 3273 980 3339 Bnuus
1006 3272 1107 3339 ille
1161 3272 1265 3359 qui
1294 3277 1503 3359 procul
1532 3273 1813 3358 negotiis,

804 3359 896 3425 Ut
921 3359 1120 3444 prisea
1147 3381 1297 3444 gens
1324 3361 1687 3441 mortalium,

717 3444 985 3510 Paterna
1009 3464 1156 3529 rura
1188 3446 1376 3510 bobus
1404 3453 1653 3510 exercet
1679 3444 1827 3527 suis,

806 3528 1048 3594 Solutus
1076 3533 1236 3596 omni
1265 3532 1493 3595 fenore.

716 3614 784 3683 N
785 3637 818 3679 e
863 3637 942 3679 ue
970 3616 1269 3681 excitatur
1297 3617 1547 3680 classico
1559 3615 1747 3680 miles
1771 3614 1958 3698 truci,

871 3720 1025 3784 eque
1054 3701 1261 3764 horret
1287 3700 1508 3764 iratum
1535 3720 1724 3780 mare,

714 3784 1057 3867 Forumque
1086 3784 1239 3848 vitat
1267 3790 1331 3848 et
1358 3785 1620 3870 superba
1647 3782 1869 3850 civium

806 3869 1218 3933 Potentiorum
1244 3869 1469 3934 limina.

721 3953 891 4040 Ergo
917 3962 1026 4018 aut
1051 3954 1261 4019 adulta
1287 3954 1499 4019 vitium
1528 3954 1856 4040 propagine

801 4041 983 4104 Altas
1010 4040 1254 4105 maritat
1280 4043 1550 4125 populos,
1917 4068 1931 4083 ·

718 4124 853 4190 Aut
879 4125 942 4189 in
970 4125 1227 4191 reductu
1251 4127 1407 4191 valle
1436 4121 1834 4210 mugientium

806 4211 1165 4296 Prospectat
1189 4218 1459 4296 errantes
1488 4231 1731 4296 greges,

716 4295 1093 4381 Inutilesque
1120 4297 1277 4361 falae
1306 4317 1503 4361 ramos
1532 4303 1849 4382 amputans

803 4382 1128 4446 Feliciores
1153 4383 1385 4460 inserit,

719 4466 855 4533 Aut
880 4487 1090 4552 pressa
1117 4467 1283 4551 puris
1311 4468 1491 4530 mella
1518 4465 1721 4530 condit
1749 4461 2069 4548 amphoris,

805 4553 941 4616 Aut.
968 4552 1178 4615 tondet
1205 4553 1470 4616 infirmus
1499 4571 1680 4628 oves;
1995 4619 2001 4624 ,

723 4637 845 4701 Vel
903 4658 1045 4702 oum
1088 4639 1376 4701 decorum
1419 4637 1665 4700 mitibus
1695 4633 1884 4720 pomis
1913 4638 2098 4717 eaput

810 4723 1196 4786 Auotumnus
1225 4722 1387 4806 agris
1417 4722 1653 4801 extulit,

726 4804 820 4872 Ut
847 4807 1076 4895 gaudet
1098 4808 1341 4872 insitiva
1369 4806 1701 4890 decerpens
1731 4805 1885 4888 pira,

808 4890 1158 4958 Cel-tantem
1186 4902 1250 4958 et
1276 4914 1455 4957 uvam
1486 4911 1810 4977 purpurae,

2347 1402 2473 1466 105

2398 4481 2458 4532 15
