2900 6042
2576 1119 2577 1128 η

380 1466 467 1534 20
1254 1489 1607 1538 ommim

810 1640 1010 1707 Dulce
1041 1641 1340 1708 ridentem
1369 1643 1645 1729 Lalagen
1674 1647 1907 1728 amabo,

1157 1729 1355 1795 Dulce
1385 1731 1754 1817 loquentem.

996 2159 1459 2234 GARMEN
1517 2161 1866 2229 XXIII.

814 2505 1028 2572 Vrms
1055 2505 1341 2572 hinnuleo
1368 2528 1466 2572 me
1496 2506 1724 2589 similis,
1757 2507 1970 2590 Chloe,

815 2590 1148 2668 Quaerenti
1175 2594 1458 2679 pavidam
1485 2595 1785 2660 montibus
1814 2596 1965 2661 aviis

901 2677 1169 2744 Matrem
1221 2679 1501 2745 non-sine
1533 2701 1688 2745 vano

988 2765 1298 2830 Aurarum
1329 2772 1393 2830 et
1420 2767 1610 2831 siliiae
1639 2772 1827 2830 metu.

813 2848 979 2915 Nam
1009 2873 1118 2915 seu
1147 2853 1461 2917 mobilibus
1491 2853 1650 2936 veris
1678 2853 1977 2917 inhorruit

813 2935 1140 3001 Adventus
1169 2939 1324 3002 foliis
1376 2959 1488 3001 seu
1516 2939 1741 3003 virides
1768 2938 1987 3003 rubum

904 3022 1228 3086 Dimovere
1258 3025 1549 3099 lacertae,

996 3109 1082 3172 Et
1114 3109 1295 3173 corde
1328 3117 1391 3172 et
1420 3109 1673 3192 genibus
1703 3110 1929 3174 tremit.

814 3193 1013 3278 Atqui
1041 3217 1161 3259 non
1191 3216 1307 3278 ego
1338 3204 1399 3258 te
1435 3196 1608 3278 tigris
1638 3202 1707 3258 ut
1735 3216 1954 3280 aspera

819 3279 1192 3345 Gaetulusve
1221 3282 1316 3346 leo
1345 3282 1627 3364 frangere
1659 3302 2022 3367 persequor:

905 3366 1178 3431 Tandem
1209 3368 1414 3432 desine
1451 3375 1708 3431 matrem

992 3453 1378 3539 Tempestiva
1406 3454 1580 3540 sequi
1610 3453 1758 3518 viro·

1012 3882 1477 3949 CARMEN
1536 3882 1857 3948 XXIV.

829 4222 993 4297 QUIS
1024 4224 1323 4290 desiderio
1352 4228 1431 4290 sit
1461 4227 1654 4311 pudor
1684 4233 1792 4291 aut
1818 4224 2032 4289 modus

826 4311 978 4374 Tam
1009 4311 1133 4374 cari
1163 4313 1374 4394 eapitis
1401 4312 1427 4375 ’ἓ
1517 4313 1810 4397 Praecipe
1839 4311 2131 4395 lugubres

831 4396 1086 4475 Cantus,
1118 4397 1525 4481 Melpomene,
1556 4400 1651 4462 cni
1682 4399 1972 4483 liquidam
2014 4404 2194 4484 pater

913 4481 1148 4547 Vocem
1181 4505 1317 4547 cum
1345 4485 1579 4549 cithara
1609 4486 1798 4549 dedit.

828 4567 994 4653 Ergo
1037 4567 1425 4644 Quinctilium
1459 4580 1790 4658 perpetuus
1821 4590 2002 4656 sopor

826 4654 1060 4740 Urget!
1111 4658 1208 4721 oui
1239 4658 1468 4738 Pudor,
1500 4668 1564 4722 et
1591 4659 1635 4724 J
1640 4659 1878 4724 ustitiae
1910 4678 2080 4721 soror

825 4741 1191 4828 Incorrupta
1221 4745 1403 4809 Fides
1456 4745 1739 4830 nudaque
1769 4744 2020 4810 Veritas

919 4828 1174 4903 Quando
1203 4832 1392 4895 ullum
1421 4833 1689 4896 inveniet
1718 4828 1971 4916 parem?

830 4913 1042 4981 Multis
1071 4918 1172 4980 ille
1207 4918 1371 4982 bonis
1399 4919 1614 4982 flebilis
1644 4919 1885 4995 occidit,

831 5000 1005 5066 Nulli
1031 5004 1282 5069 flebilior
1311 5025 1495 5088 quam
1526 5006 1655 5086 tibi,
1690 5002 1933 5088 virgili.

2421 3300 2484 3352 10

2434 5021 2497 5074 10
