2900 6042
453 1430 581 1495 132
1312 1450 1682 1497 summum

456 1601 772 1685 Neglectis
801 1600 1035 1665 urenda
1062 1602 1187 1665 filix
1216 1602 1549 1666 innascitur
1577 1604 1761 1685 agris.

460 1688 611 1750 Illuc
641 1694 1115 1770 praevertamur,
1147 1696 1472 1751 amatorem
1505 1689 1664 1771 quod
1695 1689 1922 1755 amicae

457 1773 683 1856 Turpia
712 1772 1020 1854 decipiunt
1049 1794 1296 1835 caecum
1328 1774 1494 1851 vitia,
1523 1782 1630 1836 aut
1659 1776 1841 1839 etiam
1868 1777 2000 1860 ipsa
2026 1778 2180 1845 haee

460 1858 803 1934 Delectant,
833 1858 1019 1920 veluti
1050 1859 1370 1921 Balbinum
1399 1860 1653 1943 polypus
1685 1861 1968 1943 Hagnae.

460 1944 698 2006 Vellem
728 1944 788 2005 in
821 1943 1079 2005 amicitia
1107 1944 1193 2006 sic
1224 1952 1680 2010 erraremustet
1708 1946 1807 2009 isti

460 2029 665 2091 Eri-ori
696 2049 910 2090 nomen
941 2029 1131 2091 virtus
1162 2030 1459 2111 posuisset
1486 2031 1822 2093 honestum.

459 2118 547 2175 At
579 2121 748 2196 pater
768 2121 838 2173 ut
862 2114 1028 2195 gnati
1074 2114 1161 2176 sic
1186 2134 1293 2176 nos
1311 2113 1597 2177 debemus
1626 2116 1804 2179 amici

460 2200 523 2260 Si
556 2199 715 2280 quod
745 2199 824 2260 sit
854 2198 1061 2260 vitium
1111 2219 1231 2261 non
1258 2199 1565 2261 fastidire:
1609 2202 1950 2265 strabonem

458 2284 746 2365 Appellat
776 2290 1019 2365 paetum
1047 2291 1240 2365 pater,
1291 2291 1355 2346 et
1400 2285 1629 2367 pullum
1681 2282 1835 2349 niale
1866 2307 2090 2372 parvus

461 2368 529 2429 Si
558 2368 655 2430 cui
684 2368 840 2430 filius
871 2376 985 2446 est,
1016 2378 1084 2430 ut
1113 2369 1417 2432 abortivus
1446 2369 1564 2432 fuit
1591 2369 1729 2432 olim

460 2451 795 2536 Sisyphum
839 2452 999 2515 hunc
1030 2474 1238 2515 varum
1267 2454 1532 2518 distortis
1562 2456 1869 2532 cruribu's;
1911 2456 2084 2521 illum

457 2538 731 2601 Balbutit
758 2558 1035 2600 scaurum
1058 2539 1258 2621 pravis
1286 2538 1504 2602 fultum
1533 2540 1685 2603 male
1713 2541 1870 2604 talis.

457 2623 708 2687 Parcius
737 2623 834 2686 hic
866 2623 1034 2703 vivit,
1095 2624 1257 2706 frugi
1289 2624 1546 2687 dicatur.
1638 2625 1893 2708 Ineptus

457 2709 541 2772 Et
559 2709 889 2794 jactantior
917 2710 1013 2771 hic
1048 2710 1224 2792 paulo
1273 2717 1390 2786 est,
1453 2711 1777 2774 concinnus
1805 2710 2011 2775 amicis

455 2794 734 2858 Postulat
762 2802 832 2857 ut
855 2793 1151 2857 videatur.
1242 2795 1334 2857 At
1361 2803 1457 2858 est
1490 2797 1887 2859 truculentior
1917 2802 2102 2880 atque

455 2879 603 2943 Plus
632 2901 824 2963 aequo
852 2880 1023 2952 liber,
1086 2880 1335 2962 simplex
1364 2881 1651 2964 fortisque
1683 2882 2016 2962 habeatur3

456 2963 700 3027 Caldior
728 2972 845 3035 est,
901 2984 1072 3027 acres
1100 2964 1259 3027 inter
1286 2975 1655 3029 numeretur.
1748 2967 1978 3051 Opinor

454 3048 630 3113 Haec
659 3070 757 3112 res
787 3057 849 3112 et
868 3050 1074 3132 jungit
1116 3050 1358 3132 junctos
1389 3060 1454 3114 et
1480 3059 1685 3115 servat
1713 3052 1955 3116 amicos.

454 3134 545 3197 At
573 3155 681 3197 nos
710 3134 961 3196 virtutes
989 3136 1148 3217 ipsas
1176 3136 1549 3216 invertimus,
1579 3146 1761 3219 atque

458 3218 772 3282 Sincerum
799 3220 1069 3302 cupimus
1098 3241 1204 3283 vas
1231 3221 1588 3285 incrustare.
1678 3221 1911 3285 Probus
1940 3220 2076 3305 quis

454 3302 782 3367 Nobiscum
811 3304 982 3379 vivit,
1041 3307 1293 3367 multum
1324 3306 1615 3370 demissus
1643 3308 1854 3370 homo:
1899 3307 1986 3369 illi

454 3388 652 3452 Tardo
683 3409 1010 3472 cognomen
1040 3391 1248 3473 pingui
1277 3392 1507 3455 damus.
1598 3393 1720 3455 Hic
1749 3392 1909 3475 fugit
1936 3411 2142 3456 omnes

454 3474 712 3538 Insidias
763 3475 1029 3557 nullique
1060 3478 1215 3539 malo
1244 3477 1400 3539 latus
1431 3477 1597 3539 obdit
1631 3485 1930 3561 apertum,

455 3560 610 3624 Cum
638 3581 828 3643 genus
857 3560 968 3623 hoc
998 3560 1156 3624 inter
1185 3561 1343 3624 vitae
1374 3573 1650 3625 versetur
1700 3563 1802 3625 ubi
1835 3561 1991 3625 acris

453 3646 690 3710 Invidia
717 3652 898 3729 atque
932 3647 1139 3727 vigent
1166 3647 1267 3709 ubi
1298 3647 1568 3725 crimina,
1634 3669 1741 3731 pro
1770 3649 1923 3711 bene
1953 3666 2098 3710 sano

451 3731 550 3795 Ac
580 3754 696 3794 non
719 3732 959 3795 incauto
984 3733 1192 3794 fictum
1222 3740 1604 3815 astutumque
1638 3753 1939 3796 vocamus.

375 3818 397 3849 ·'
456 3816 788 3901 Simplicior
817 3818 952 3899 quis
983 3825 1046 3879 et
1075 3826 1190 3894 est,
1222 3817 1462 3898 qualem
1494 3837 1590 3879 me
1621 3836 1803 3900 saepe
1835 3816 2099 3880 libenter

455 3902 790 3966 Obtulerim
821 3903 949 3980 tibi,
980 3901 1328 3978 Maecenas,
1360 3914 1429 3964 ut
1458 3902 1614 3966 forte
1645 3904 1952 3985 legentem

454 3988 585 4050 Aut
617 3988 863 4050 tacitum
893 3988 1161 4069 impellat
1192 3986 1400 4069 quovis
1430 4008 1701 4051 sermone
1732 3991 2038 4066 molestuS,

454 4070 765 4136 Communi
794 4092 972 4135 sensu
1003 4072 1177 4155 plane
1210 4077 1396 4151 caret,
1424 4070 1748 4155 inquimus
1814 4071 2014 4149 Eheu,
2159 4146 2166 4151 ι

454 4155 648 4229 Quam
679 4164 903 4219 temere
935 4157 994 4218 in
1023 4163 1255 4219 nosmet
1283 4157 1482 4239 legem
1511 4157 1808 4221 sancimus
1837 4153 2138 4240 iniquam!

453 4242 614 4305 Nam
646 4242 801 4305 vitiis
831 4263 1004 4304 nemo
1033 4242 1159 4304 sine
1190 4242 1495 4317 nascitur;
1541 4243 1795 4325 optimus
1823 4243 1924 4305 ille
1953 4246 2049 4305 est

455 4326 571 4399 Qui
602 4327 854 4390 minimis
885 4334 1156 4409 urgetur.
1246 4328 1499 4389 Amicus
1528 4326 1719 4390 dulcis
1769 4333 1841 4389 ut
1869 4347 2129 4409 aequum
2155 4330 2252 4391 est

455 4410 607 4474 Cum
637 4434 772 4475 mea
800 4419 1142 4494 compenset
1171 4412 1329 4474 vitiis
1359 4413 1553 4486 bona3
1609 4411 1884 4496 pluribus
1913 4412 2080 4476 hisce

462 4493 572 4575 (Si
602 4495 776 4558 modo
809 4498 985 4580 plura.
1014 4496 1156 4557 mihi
1190 4496 1345 4558 bona
1374 4499 1553 4576 sunt)
1590 4497 1861 4573 inclinet,
1893 4499 2083 4563 amari

455 4579 521 4643 Si
551 4582 746 4643 volet:
793 4582 906 4645 hac
937 4581 1072 4663 lege
1102 4582 1164 4644 in
1192 4583 1419 4645 trutina
1451 4590 1704 4665 ponetur
1734 4584 1966 4646 eadem.

452 4665 570 4740 Qui
623 4688 699 4729 ne
731 4667 1036 4730 tuberibus
1068 4668 1318 4749 propriis
1348 4669 1609 4730 offendat
1645 4670 1901 4731 amicum

453 4753 727 4816 Postulat
777 4753 1049 4834 ignoscet
1076 4754 1342 4815 verrucis
1373 4754 1529 4815 illius
1554 4775 1568 4828 ;
1614 4775 1873 4836 aequum
1904 4759 1997 4816 est

454 4838 729 4900 Peccatis
760 4839 995 4900 veniam
1027 4852 1368 4920 poscentem
1400 4839 1653 4901 reddere
1687 4861 1914 4903 rursus.

454 4922 754 5006 Denique,
784 4931 1078 5006 quatenus
1108 4924 1301 4985 excidi
1334 4926 1569 5006 penitus
1604 4926 1809 4987 vitium
1838 4925 1963 4988 irae
