2900 6042
1110 1614 1240 1660 ΠΒ.
1289 1612 1336 1659 1.
1385 1613 1584 1659 CARM.
1631 1613 1774 1660 XIV.

830 1769 1067 1833 Furtim
1095 1769 1337 1847 labitur,
1369 1790 1630 1851 arguens

746 1855 942 1930 Quam
970 1856 1148 1919 lentis
1174 1857 1411 1940 penitus
1444 1876 1719 1919 macerer
1745 1855 2004 1939 ignibus.

829 1941 1013 2019 Uror,
1044 1962 1152 2004 seu
1184 1942 1290 2004 tibi
1321 1941 1607 2004 candidos

744 2026 1093 2111 Turparunt
1119 2029 1397 2091 humeros
1426 2027 1777 2091 immodicae
1807 2048 1974 2092 mero

829 2115 1022 2178 Rixae
1074 2115 1199 2178 sive
1232 2136 1382 2198 puer
1410 2114 1620 2177 furens

741 2200 1055 2285 Impressit
1083 2221 1406 2263 memorem
1436 2200 1618 2263 dente
1647 2198 1829 2263 labris
1856 2204 2081 2262 notam.

828 2287 891 2350 N
895 2308 992 2366 on,
1022 2287 1074 2350 si
1101 2309 1196 2350 me
1227 2287 1372 2350 satis
1401 2286 1634 2365 audias,

747 2372 971 2459 Speres
1001 2379 1360 2457 perpetuum
1413 2372 1615 2436 dulcia
1640 2371 1895 2436 barbare

824 2459 1196 2524 Laedentem
1227 2459 1453 2535 oscula,
1484 2479 1639 2542 quae
1669 2457 1885 2521 Venus

740 2543 966 2620 Quinta
996 2554 1169 2629 parte
1199 2545 1292 2607 sui
1321 2545 1581 2608 nectaris
1609 2543 1843 2607 imbuit.

823 2631 1061 2696 Felices
1091 2637 1186 2693 ter
1215 2637 1280 2692 et
1309 2631 1565 2713 amplius

738 2716 904 2792 Quos
932 2718 1167 2800 irrupta
1196 2721 1365 2778 tenet
1395 2716 1631 2795 copula,
1661 2735 1775 2778 nee
1802 2715 1976 2780 malis

822 2803 1106 2868 Divolsus
1137 2798 1527 2884 querimoniis

739 2886 1038 2975 Suprema
1067 2888 1245 2952 citius
1274 2888 1469 2951 solvet
1496 2907 1663 2952 amor
1690 2886 1811 2951 die.

1048 3317 1517 3384 CARMEN
1574 3316 1804 3384 XIV.

734 3662 791 3728 Ο
821 3677 1047 3742 NAV‘IS,
1075 3660 1349 3724 referent
1375 3659 1439 3723 in
1467 3682 1634 3725 mare
1663 3666 1727 3725 te
1756 3663 1895 3728 novi

735 3746 1028 3814 Fluctus!
1102 3745 1156 3811 Ο
1189 3746 1334 3829 quid
1364 3747 1495 3829 agis
1521 3745 1548 3809 ’ἓ
1626 3744 1898 3813 Fortiter
1924 3767 2159 3834 occupa

817 3833 1091 3897 Portum.
1179 3831 1403 3896 Nonne
1431 3831 1599 3895 vides
1651 3839 1724 3896 ut

905 3916 1158 3982 Nudum
1186 3917 1435 3998 remigio
1464 3917 1622 3980 latus

733 4004 820 4070 Et
847 4004 1039 4067 malus
1069 4002 1251 4066 celeri
1279 4002 1519 4066 saucius
1546 4003 1762 4069 Africo

729 4091 1177 4171 Antennaeque
1208 4095 1455 4171 gemant
1507 4108 1579 4151 ae
1608 4089 1737 4154 sine
1760 4090 2002 4157 funibus

814 4175 943 4243 Vix
971 4174 1188 4237 durare
1221 4174 1459 4236 carinae

901 4259 1143 4324 Possint
1170 4259 1540 4344 imperiosius

729 4344 1026 4430 Aequor?
1114 4346 1179 4410 N
1181 4367 1258 4409 on
1286 4346 1392 4409 tibi
1423 4353 1565 4410 sunt
1592 4348 1834 4432 integra
1860 4349 2070 4430 lintea,

729 4431 873 4497 Non
901 4433 985 4510 di,
1015 4453 1165 4516 quos
1194 4433 1411 4494 iterum
1442 4454 1651 4516 pressa
1678 4455 1857 4499 voees
1886 4435 2066 4500 malo-

817 4516 1104 4591 Quamvis
1133 4518 1390 4582 Pontica
1418 4519 1616 4602 pinus,

908 4601 1107 4666 Silvae
1137 4604 1261 4667 filia
1288 4604 1522 4683 nobilia,

730 4688 777 4753 J
779 4695 944 4754 actes
975 4695 1039 4751 et
1067 4710 1258 4771 genus
1289 4696 1352 4752 et
1378 4710 1595 4753 nomen
1623 4690 1875 4766 inutile;

729 4775 839 4840 Nil
869 4775 1047 4858 pictis
1077 4775 1321 4838 timidus
1348 4775 1555 4838 navita
1584 4775 1885 4861 puppibus

811 4861 999 4926 Fidit.
1088 4859 1204 4939 Tu,
1235 4860 1347 4922 nisi
1375 4861 1571 4924 ventis

897 4947 1103 5010 Debes
1131 4946 1476 5025 ludibrium,
1507 4967 1678 5010 eave.

729 5031 950 5117 Nuper
976 5032 1292 5095 sollicitum
1322 5053 1479 5116 quae
1507 5033 1650 5097 mihi
1679 5032 1969 5116 taedium,

731 5116 916 5183 Nune
946 5117 1309 5268 desi‹120rium
1338 5139 1605 5204 curaque
1632 5141 1754 5185 uon
1781 5121 1954 5202 levis,

2406 1598 2487 1662 13

2424 2047 2487 2099 10

2421 2475 2484 2525 15

2410 4458 2473 4511 10
