2900 6042
1095 1457 1227 1504 m.
1273 1456 1322 1504 1.
1371 1456 1571 1504 EPIST.
1622 1457 1821 1505 xvm.

416 1611 629 1679 Gloria.
655 1633 834 1698 quem
863 1632 1047 1694 supra
1078 1611 1235 1676 vires
1264 1618 1329 1675 et
1358 1612 1539 1676 vestit
1568 1620 1632 1675 et
1660 1612 1855 1695 ungit,

417 1698 613 1773 Quem
646 1706 814 1763 tenet
844 1699 1078 1780 argenti
1109 1698 1236 1761 sitis
1267 1699 1607 1781 importuna
1634 1699 1968 1781 famesque,

417 1783 612 1858 Quem
640 1785 1010 1869 paupertatis
1044 1783 1235 1867 pudor
1263 1791 1327 1847 et
1355 1784 1526 1865 fuga,
1555 1783 1725 1848 dives
1757 1786 1991 1848 amicus

419 1869 617 1955 Saepe
650 1871 858 1935 decem
892 1870 1048 1932 vitiis
1079 1870 1426 1932 instructior
1455 1870 1581 1933 odit
1609 1882 1673 1932 et
1702 1871 1949 1934 horret:

423 1958 553 2020 Aut
604 1957 656 2021 si
684 1978 800 2019 non
833 1956 959 2019 odit
1010 1956 1190 2038 regit,
1221 1976 1292 2019 ac
1326 1957 1510 2019 veluti
1540 1956 1643 2039 pia
1669 1965 1865 2019 mater

419 2042 568 2106 Plus
596 2064 776 2126 quam
806 2063 869 2104 se
900 2062 1112 2124 sapere
1142 2051 1206 2103 et
1235 2041 1553 2105 virtutibus
1586 2063 1718 2105 esse
1747 2043 2008 2125 priorem

418 2128 592 2205 Vult,
622 2136 687 2191 et
715 2129 801 2191 ait
830 2148 1012 2211 prope
1045 2148 1226 2191 vera:
1293 2131 1335 2164 ‘⁶
1360 2126 1544 2190 Meae
1592 2128 1999 2212 (contendere
2030 2129 2191 2213 noli)

421 2213 748 2277 Stultitiam
779 2215 1089 2297 patiuntur
1117 2234 1259 2296 opes
1286 2233 1303 2287 ;
1354 2213 1462 2276 tibi
1491 2214 1743 2297 parvula
1771 2234 1868 2276 res
1897 2223 2031 2277 est:

420 2302 576 2362 Arta
606 2299 784 2363 decet
813 2321 1024 2362 sanum
1055 2299 1331 2361 comitem
1363 2307 1546 2381 toga3
1588 2298 1793 2363 desine
1824 2320 2059 2362 mecum

420 2383 742 2448 Certare.''
787 2385 1151 2468 Eutrapelus
1208 2384 1549 2468 cuicunque
1593 2405 1814 2448 nocere
1846 2385 2084 2448 volebat

419 2469 800 2533 Vestimenta
829 2470 1012 2532 dabat
1041 2469 1342 2552 pretiosa:
1391 2469 1603 2533 beatus
1635 2470 1793 2533 enim
1810 2470 1942 2553 jam

420 2555 574 2618 Cum
604 2556 868 2640 pulchris
902 2554 1117 2617 tunicis
1146 2561 1344 2617 sumet
1371 2575 1528 2617 nova
1555 2555 1802 2618 consilia
1831 2563 1895 2617 et
1922 2575 2083 2639 spes,

419 2641 692 2704 Dormiet
720 2641 782 2703 in
811 2641 1032 2716 lucem,
1063 2645 1260 2702 scorto
1290 2646 1607 2723 postponet
1633 2641 1948 2704 honestum

422 2724 720 2803 Officium,
749 2746 1021 2787 nummos
1051 2725 1272 2788 alienos
1303 2733 1531 2808 pascet,
1561 2725 1638 2788 ad
1669 2726 1855 2789 imum

417 2811 622 2875 Thrax
652 2811 767 2873 erit
819 2819 924 2873 aut
953 2810 1176 2874 olitoris
1205 2820 1347 2894 aget
1378 2811 1656 2875 mercede
1687 2812 2005 2875 caballum.

422 2897 733 2959 Arcanum
763 2917 959 2980 neque
991 2905 1056 2958 tu
1087 2898 1449 2960 scrutaberis
1480 2898 1638 2961 illius
1667 2918 1955 2981 unquam,

421 2981 930 3065 commissumque
961 2989 1131 3065 teges
1161 2989 1225 3045 et
1254 2983 1387 3045 vino
1418 2991 1611 3047 tortus
1640 2990 1703 3047 et
1730 2983 1822 3047 ira
1847 2999 1865 3057 ;

420 3066 556 3131 Nec
586 3074 692 3131 tua
718 3067 989 3131 laudabis
1017 3067 1221 3131 studia
1249 3077 1355 3132 aut
1385 3070 1584 3133 aliena
1612 3069 1959 3154 reprendeS,

421 3153 557 3217 Nec
612 3173 748 3216 cum
781 3154 984 3217 venari
1019 3155 1177 3218 volet
1205 3155 1303 3218 ille
1357 3157 1636 3240 poe'mata
1666 3177 1916 3240 panges.

422 3237 637 3303 Gratia
663 3240 748 3303 sic
780 3240 1034 3303 fratrum
1065 3241 1436 3324 geminorum
1495 3241 1849 3327 Amphionis
1878 3249 2062 3326 atque

428 3323 602 3388 Zethi
656 3324 933 3405 dissiluit,
964 3325 1153 3389 donec
1185 3336 1466 3410 suspecta
1496 3349 1707 3391 severo

423 3407 727 3474 Conticuit
753 3411 906 3495 lyra.
997 3412 1305 3475 Frater-nis
1335 3414 1584 3476 cessisse
1617 3420 1865 3497 putatur

422 3494 693 3560 Moribus
725 3497 1024 3580 Amphion
1050 3520 1064 3560 :
1116 3506 1181 3559 tu
1213 3498 1361 3561 cede
1395 3499 1653 3581 potentis
1684 3498 1860 3561 amici

420 3580 685 3651 Lenibus
714 3582 994 3666 imperiiS,
1027 3584 1376 3666 quotiesque
1409 3583 1631 3646 educet
1657 3584 1718 3645 in
1748 3604 1924 3664 agros

423 3665 656 3730 Aetolis
685 3677 934 3731 onerata
964 3668 1153 3750 plagis
1173 3671 1453 3751 jumenta
1482 3689 1664 3732 canes
1708 3690 1806 3747 ue,

425 3750 623 3837 Surge
655 3761 719 3816 et
748 3754 1104 3815 inhumanae
1136 3754 1367 3815 senium
1398 3753 1629 3836 depone
1716 3774 1989 3835 amenas,

424 3836 656 3902 Coenes
685 3845 756 3900 ut
785 3839 1011 3920 pariter
1044 3839 1351 3920 pulmenta
1378 3839 1676 3901 laboribus
1705 3846 1926 3925 empta.

422 3924 708 3987 Romanis
737 3924 1020 3986 sollemne
1055 3923 1193 3986 viris
1222 3944 1391 4006 opus,
1425 3924 1570 3986 utile
1602 3924 1797 3988 famae

424 4008 728 4091 Vitaeque
761 4016 824 4070 et
854 4009 1151 4086 membris,
1184 4011 1533 4092 praesertim
1564 4030 1700 4073 cum
1732 4011 1933 4074 valeas
1963 4018 2027 4075 et

422 4094 542 4158 Vel
574 4114 754 4158 cursu
783 4114 1066 4176 superare
1099 4116 1306 4157 canem
1339 4096 1432 4158 vel
1467 4096 1686 4161 viribus
1717 4117 1930 4181 aprum

424 4180 646 4249 Possis.
737 4179 919 4244 Adde
953 4181 1142 4244 virilia
1171 4180 1329 4266 quod
1358 4182 1683 4265 speciosius
1712 4204 1879 4247 arma

422 4265 562 4329 Non
593 4272 687 4329 est
715 4267 818 4350 qui
851 4276 1104 4331 tractet:
1135 4303 1217 4314 —
1241 4268 1378 4347 sci3‚
1408 4290 1531 4352 quo
1563 4270 1818 4332 clamore
1851 4289 2105 4333 coronae

422 4350 662 4415 Proelia
690 4353 984 4416 sustineas
1015 4355 1370 4436 campestria
1395 4375 1412 4428 ;
1461 4353 1721 4437 denique
1754 4374 2003 4420 saevam

421 4436 700 4501 Militiam
732 4461 882 4522 puer
914 4447 975 4501 et
1008 4438 1368 4502 Cantabrica
1397 4441 1557 4503 bella
1586 4441 1774 4504 tulisti

425 4521 551 4585 Sub
581 4523 735 4587 duce
789 4526 891 4606 qui
924 4525 1156 4608 templis
1190 4524 1549 4589 Parthorum
1580 4527 1751 4609 signa
1781 4526 1983 4610 refigit

425 4607 627 4687 Nunc,
659 4617 741 4689 et,
773 4611 823 4672 si
854 4609 997 4694 quid
1028 4611 1199 4673 abest
1253 4611 1422 4674 Italis
1454 4611 1760 4695 adjudicat
1790 4614 1992 4676 armis.

420 4694 534 4774 Ac,
550 4716 624 4757 ne
656 4702 716 4758 te
746 4697 1019 4759 retrahas
1050 4705 1112 4758 et
1140 4697 1557 4760 inexcusabilis
1589 4698 1767 4776 absiS,

421 4779 707 4855 Quamvis
735 4782 820 4844 nil
853 4790 1024 4846 extra
1055 4804 1366 4846 numerum
1397 4783 1612 4847 fecisse
1646 4784 2003 4868 modumque

426 4865 642 4949 (ἔω-88,
662 4867 966 4931 intordum
997 4869 1243 4952 nugaris
1273 4891 1412 4957 rure
1443 4878 1728 4954 paterno;

426 4948 700 5016 Partitur
722 4953 1306 5103 lintres.exlegrcitus;
1352 4956 1537 5020 Actia
1568 4977 1772 5041 pugna

2368 1437 2493 1504 205
