2900 6042
388 1235 475 1307 ’Μ

1257 1252 1606 1327 omniun

902 1403 1160 1469 Mollivit
1186 1425 1426 1469 aversos
1455 1404 1721 1471 Penates

982 1489 1172 1554 Farre
1201 1489 1300 1575 pio
1329 1498 1392 1553 et
1420 1491 1670 1556 saliente
1698 1491 1877 1557 mica.

964 1905 1420 1974 CARMEN
1493 1906 1801 1977 XXIV.
1885 1912 1912 1939 ‘

814 2249 1116 2314 Imeus
1147 2249 1482 2335 opulentior

729 2334 1050 2400 Thesauris
1075 2333 1351 2399 Arabum
1380 2341 1444 2397 et
1473 2333 1673 2397 divitis
1701 2333 1914 2405 Indiae

817 2419 1158 2485 Caementis
1185 2419 1330 2484 licet
1357 2439 1614 2504 occupes

725 2504 1105 2592 Tyrrhenum
1133 2526 1307 2568 omne
1338 2504 1458 2568 tuis
1488 2510 1552 2567 et
1579 2524 1745 2569 mare
1772 2503 2124 2595 Apulicum,

816 2589 882 2654 Si
909 2590 1042 2673 figit
1068 2590 1478 2653 adamantinos

731 2673 990 2740 Summis
1018 2675 1342 2738 verticibus
1372 2675 1503 2738 dira
1531 2673 1882 2740 Necessitas

816 2760 1054 2836 clavos,
1083 2782 1203 2823 non
1232 2760 1494 2823 animum
1520 2767 1710 2840 metu,

725 2844 869 2910 Non
893 2845 1100 2909 mortis
1128 2845 1358 2929 laqueis
1388 2865 1464 2907 ex
1506 2844 1671 2908 edies
1700 2851 1903 2930 caput.

815 2928 1197 3012 Campestres
1225 2929 1436 2994 melius
1509 2930 1729 3013 cythas

727 3011 994 3088 Quorum
1021 3016 1290 3097 plaustra
1317 3035 1505 3097 vagas
1532 3014 1650 3078 rite
1681 3013 1929 3080 trahunt
1956 3014 2159 3084 domos

815 3097 1072 3178 Vivunt,
1103 3108 1166 3163 et
1195 3099 1375 3182 rigidi
1405 3099 1600 3164 Getae

724 3183 1047 3248 Immetata
1075 3186 1289 3268 quibus
1309 3186 1533 3267 jugera
1559 3183 1779 3248 liberas

811 3267 1048 3351 Fruges
1078 3277 1141 3333 et
1172 3269 1457 3334 Cererem
1485 3269 1708 3350 ferunt,

727 3352 863 3418 Nec
894 3354 1131 3419 cultura
1159 3355 1358 3439 placet
1386 3352 1616 3436 longior
1644 3374 1869 3437 annua,

810 3439 1299 3523 Defunctumque
1328 3439 1630 3503 laboribus

723 3524 986 3608 Aequali
1014 3532 1252 3589 recreat
1279 3532 1439 3587 sorte
1472 3524 1750 3590 vicarius.

809 3609 942 3674 Illic
970 3619 1163 3675 matre
1195 3609 1539 3674 carentibus

724 3692 1024 3779 Privignis
1052 3697 1265 3760 mulier
1293 3701 1589 3779 temperat
1618 3694 1924 3774 innocens,

808 3779 943 3843 Nec
974 3780 1180 3845 dotata
1208 3781 1365 3863 regit
1393 3780 1587 3843 virum

711 3863 958 3948 Conjux
1005 3886 1118 3930 nec
1148 3865 1333 3929 nitido
1360 3865 1495 3928 fidit
1528 3864 1823 3929 adultero.

805 3949 933 4013 Dos
963 3957 1056 4012 est
1082 3970 1302 4032 magna
1330 3950 1667 4035 parentium

720 4031 936 4097 Virtus
988 4039 1053 4096 et
1081 4045 1355 4099 metuens
1383 4035 1630 4099 alterius
1659 4032 1770 4097 viri

809 4116 991 4181 Certo
1015 4119 1256 4183 foedere
1287 4122 1533 4184 castitas
1560 4139 1578 4198 3

714 4201 1081 4352 Etgeccare
1109 4205 1281 4268 nefas
1333 4212 1439 4268 aut
1468 4205 1726 4289 pretium
1755 4209 1849 4268 est
1873 4201 2048 4268 mori.

893 4289 1158 4373 quisquis
1189 4291 1349 4353 volet
1375 4291 1589 4374 impias

720 4372 954 4438 Caedes
983 4384 1047 4439 et
1073 4376 1298 4440 rabiem
1328 4377 1539 4439 tollore
1570 4374 1844 4454 civicam,

804 4458 872 4522 Si
901 4470 1153 4543 quaeret
1181 4461 1403 4525 PATER
1431 4477 1690 4523 misum

716 4541 1025 4610 Subscribi
1055 4547 1289 4625 statuis,
1319 4546 1669 4610 indomitam
1698 4543 1923 4609 audeat

804 4629 1137 4696 Refrenare
1166 4632 1491 4711 licentiam,

718 4710 931 4779 Clarus
961 4717 1311 4803 postgenitis
1338 4738 1356 4797 ;
1395 4722 1715 4801 quatenus,
1740 4717 1861 4779 heu
1888 4711 2097 4781 nefas!

2431 2613 2470 2666 ⁶

2398 3039 2465 3091 10

2395 3461 2461 3513 15
