2900 6042
1117 1455 1244 1504 un.
1289 1454 1334 1503 1.
1386 1456 1590 1505 amsa
1627 1456 1766 1506 κη.
2360 1441 2483 1509 201

388 1612 531 1680 Hae
557 1611 829 1678 latebrae
860 1610 1092 1691 dulces,
1122 1610 1302 1675 etiam
1333 1610 1383 1675 si
1413 1611 1610 1677 credis
1640 1633 1962 1692 amoenae‚.

389 1700 758 1766 Incolumem
790 1699 898 1763 tibi
925 1719 1022 1762 me
1054 1705 1363 1782 'praestant
1393 1696 1475 1763 Sc
1521 1700 1850 1764 tembribus
1878 1701 2058 1767 horis.

390 1787 485 1853 Tu
514 1794 684 1851 recte
718 1786 864 1848 vivis
892 1785 945 1849 si
975 1805 1152 1848 curas
1182 1805 1315 1849 esse
1344 1806 1463 1869 quo
1537 1785 1732 1850 audis.

389 1871 435 1938 J
437 1881 708 1937 actamus
729 1871 1093 1957 jampridem
1122 1871 1311 1935 omnis
1342 1878 1403 1935 te
1434 1872 1629 1936 Roma
1659 1873 1945 1953 beatum3

388 1958 522 2024 Sed
552 1979 765 2023 vereor
793 1980 871 2021 ne
902 1957 1001 2021 cui
1031 1957 1107 2021 de
1141 1965 1201 2021 te
1232 1958 1366 2041 plus
1395 1979 1580 2042 quam
1609 1959 1718 2022 tibi
1750 1960 1987 2042 credas,

392 2044 570 2110 Neve
601 2052 774 2129 putes
803 2045 987 2108 alium
1014 2044 1282 2128 sapiente
1312 2043 1587 2129 bonoque
1617 2045 1884 2126 beatum,

393 2129 539 2196 Neu
567 2132 618 2195 si
650 2141 710 2195 te
741 2132 995 2215 populus
1026 2151 1237 2195 sanum
1268 2137 1556 2215 recteque
1591 2133 1891 2196 valentem

393 2218 652 2283 Dictitet
679 2219 977 2282 occultam
1006 2216 1238 2280 febrem
1266 2216 1377 2280 sub
1411 2225 1647 2301 tempus
1678 2219 1897 2282 edendi

382 2302 770 2381 ‘Dissimules,
793 2303 983 2366 donec
1014 2303 1287 2366 manibus
1315 2310 1542 2367 tremor
1570 2303 1797 2368 incidat
1825 2306 2041 2372 unctis.

398 2388 732 2472 Stultorum
761 2390 1036 2453 incurata
1066 2388 1259 2473 pudor
1287 2390 1480 2451 malus
1510 2390 1716 2453 ulcera
1744 2391 1920 2455 celat.

398 2475 466 2540 Si
495 2477 630 2560 quis
657 2476 817 2539 bella
845 2475 953 2539 tibi
983 2482 1149 2538 terra
1176 2482 1447 2559 pugnata
1475 2475 1746 2559 marique

395 2562 580 2627 Dicat
608 2568 672 2626 et
701 2561 794 2625 his
825 2561 1024 2624 verbis
1053 2579 1277 2623 vacuas
1306 2561 1678 2643 permulceat
1706 2581 1922 2625 aures:

395 2653 437 2686 “
460 2649 626 2712 Tene
656 2647 848 2730 magis
878 2647 1111 2709 salvum
1140 2646 1393 2729 populus
1423 2646 1571 2709 velit
1598 2667 1676 2709 an
1705 2647 1993 2731 populum
2028 2653 2098 2713 tu

400 2733 620 2799 Servet
647 2733 710 2796 in
742 2732 1021 2815 ambiguo
1051 2731 1154 2815 qui
1185 2730 1443 2795 consulit
1472 2739 1535 2795 et
1564 2732 1672 2795 tibi
1702 2738 1766 2796 et
1794 2733 1965 2798 urbi:

396 2818 442 2884 J
446 2819 687 2903 uppiter
707 2818 781 2895 ;”
804 2816 1082 2900 ‚Augusti
1110 2817 1322 2881 laudes
1352 2838 1681 2901 agnoscere
1712 2819 1933 2903 possis:

401 2904 556 2970 Cum
584 2903 810 2990 pateris
839 2903 1075 2988 sapiens
1105 2902 1579 2988 emendatusque
1611 2904 1835 2987 vocari,

399 2990 828 3076 Respondesne
860 2996 964 3053 tuo
993 2989 1090 3054 dic
1121 2989 1296 3054 sodes
1325 2990 1611 3054 nomine?
1699 2990 1941 3078 Nempe

397 3077 515 3144 Vir
541 3078 732 3141 bonus
761 3083 826 3140 et
853 3075 1119 3160 prudens
1149 3075 1270 3140 dici
1299 3075 1572 3141 delector
1601 3098 1715 3162 ego
1744 3099 1817 3143 ac
1849 3084 1934 3142 tu.

400 3161 519 3239 Qui
548 3162 717 3226 dedit
743 3163 855 3226 hoc
885 3162 1059 3226 hodie
1091 3182 1227 3227 cras
1256 3162 1306 3226 si
1337 3163 1500 3228 volet
1527 3165 1787 3245 auferet,
1816 3172 1887 3229 ut
1915 3163 1968 3230 si

397 3248 703 3314 Detulerit
730 3249 925 3312 fasces
953 3248 1199 3332 indigno
1230 3248 1512 3313 detrahet
1538 3250 1719 3315 idem.

399 3340 441 3375 “
467 3335 656 3413 Pone,
686 3356 885 3398 meum
915 3343 1046 3398 est:
1072 3336 1113 3365 '’
1145 3335 1360 3420 inquit.
1454 3335 1621 3400 Pono
1652 3337 1961 3422 tristisque
2000 3338 2245 3406 recedo.

399 3419 573 3485 Idem
602 3421 652 3485 si
683 3422 901 3485 clamet
931 3422 1147 3499 furem,
1178 3428 1364 3504 neget
1392 3443 1524 3486 esse
1556 3422 1863 3506 pudicum,

400 3505 741 3572 contendat
768 3508 985 3592 laqueo
1015 3509 1232 3571 collum
1264 3507 1552 3591 pressisse
1582 3515 1901 3592 paternum
1925 3527 1944 3587 3

397 3591 686 3657 Mordear
716 3593 1045 3678 opprobriis
1075 3593 1241 3656 falsis
1269 3601 1617 3677 mutemque
1649 3593 1925 3658 colores?

397 3677 612 3744 Falsus
639 3680 828 3742 honor
848 3681 1029 3763 juvat
1057 3684 1122 3742 et
1148 3677 1408 3741 mendax
1437 3678 1682 3742 infamia
1713 3686 1904 3743 terret

398 3764 594 3840 Quem
617 3765 729 3828 nisi
751 3765 1103 3828 mendosum
1126 3773 1190 3827 et
1211 3763 1679 3828 medicandum?
1726 3765 1843 3831 Vir
1864 3765 2053 3831 bonus
2072 3773 2168 3833 est
2188 3767 2363 3853 quis?

398 3850 518 3924 Qui
548 3851 822 3915 consulta
849 3855 1111 3933 patrum,
1141 3849 1244 3932 qui
1273 3849 1441 3932 leges
1461 3849 1724 3934 juraque
1753 3859 1979 3933 servat,

397 3935 533 4011 Quo
561 3937 787 4000 multae
815 3954 1190 4018 magnaeque
1220 3940 1505 3998 secantur
1524 3936 1732 4020 judice
1762 3936 1922 4019 lites,

397 4021 533 4097 Quo
561 4043 660 4086 res
689 4042 971 4105 sponsore
1002 4028 1066 4084 et
1094 4041 1213 4105 quo
1242 4041 1461 4085 causae
1492 4027 1648 4085 teste
1680 4029 1981 4089 tenentur.

401 4109 528 4174 Sed
556 4108 724 4172 videt
751 4108 911 4171 hunc
941 4107 1132 4171 omnis
1163 4107 1372 4171 domus
1400 4116 1464 4172 et
1493 4108 1712 4173 vicinia
1741 4116 1869 4174 tota

396 4195 734 4260 Introrsum
763 4205 1021 4278 turpem,
1051 4192 1385 4279 speciosum
1414 4195 1571 4278 pelle
1602 4194 1839 4260 decora.

397 4286 439 4320 “
466 4281 532 4345 N
534 4302 603 4346 ec
633 4281 861 4345 furtum
890 4281 1008 4345 feci
1036 4301 1150 4344 nec
1179 4281 1374 4364 fugi,”
1405 4281 1459 4344 si
1485 4282 1630 4345 mihi
1661 4282 1825 4346 dicat

402 4365 652 4446 Servus,
681 4373 723 4405 ‘⁴
748 4367 965 4431 Habes
994 4367 1277 4451 pretium,
1306 4366 1448 4431 loris
1479 4389 1597 4432 non
1626 4367 1885 4445 ureriS‚''
1918 4368 2033 4433 aio,

398 4459 440 4492 “
465 4454 606 4518 Non
635 4454 930 4518 homiuem
960 4453 1221 4516 occidi.”
1313 4457 1353 4490 “
1377 4453 1441 4516 N
1443 4474 1519 4517 on
1550 4475 1762 4538 pasces
1790 4455 1857 4517 in
1889 4475 2069 4520 cruce
2099 4452 2373 4520 corvos.”

399 4544 442 4578 “
469 4539 616 4604 Sum
646 4541 837 4603 bonus
868 4545 933 4602 et
959 4538 1188 4622 frugi.’'
1278 4544 1320 4577 ‘⁴
1343 4539 1574 4603 Renuit
1603 4541 1955 4624 negitatque
1989 4539 2303 4606 Sabellus:

400 4625 631 4691 Cautus
661 4627 817 4689 enim
844 4625 1060 4688 metuit
1088 4625 1323 4688 foveam
1352 4625 1529 4709 lupus
1559 4627 1967 4711 accipiterque

404 4709 728 4797 Suspectus
758 4713 1004 4795 laqueos
1034 4719 1097 4775 et
1128 4720 1402 4796 opertum
1431 4711 1650 4775 miluus
1680 4713 1943 4777 hamum.

404 4797 681 4863 Oderunt
709 4818 962 4882 peccaro
992 4797 1131 4861 boni
1161 4797 1398 4861 virtutis
1432 4818 1674 4875 amore3

400 4883 497 4950 Tu
521 4883 668 4949 nihil
697 4883 978 4948 admittes
1006 4883 1069 4948 in
1100 4892 1160 4949 te
1191 4883 1503 4948 formidine
1535 4905 1806 4968 poenae:

404 4968 501 5037 Sit
526 4990 667 5059 spes
692 4969 964 5050 fallendi,
992 4971 1268 5036 miscebis
1296 4990 1472 5036 sacra
1498 4970 1804 5055 profanis3

2418 3788 2481 3838 40

2416 4648 2481 4698 5⁰
