2900 6042
622 1353 796 1402 centrum

358 1503 489 1573 blilesne
506 1504 607 1571 Crassi
622 1507 749 1591 conjuge
763 1507 893 1571 herbera

358 1594 467 1677 Turpis
481 1593 606 1656 maritus
621 1594 695 1656 vixit
721 1601 753 1656 et
765 1594 906 1673 bostium,

401 1679 463 1743 Pro
477 1679 561 1741 curie
574 1679 745 1761 inversique
760 1678 875 1743 mores!

444 1763 608 1828 Consenuit
623 1785 793 1827 socerorum
808 1764 839 1826 in
854 1763 945 1830 armis

358 1848 422 1916 Sub
436 1870 509 1932 rege
525 1849 617 1912 Medo
644 1848 765 1911 Mersus
780 1856 812 1911 et
826 1849 958 1933 Apulus,

358 1935 546 2002 Anciliorum
562 1942 598 1997 et·
606 1935 733 1997 nominis
747 1941 780 1997 et
793 1942 882 2016 togae

403 2019 521 2084 Oblitus
537 2028 738 2103 aeternaeque
753 2019 880 2099 Vestae,

445 2105 591 2168 Incolumi
605 2105 683 2169 Jove
698 2112 731 2167 et
744 2105 818 2168 urbe
833 2101 957 2168 Rome?

359 2191 429 2256 Hoc
445 2197 569 2254 caveret
582 2211 666 2253 mens
681 2190 807 2272 provide
821 2190 934 2274 Reguli

358 2276 570 2343 Dissentientis
584 2274 808 2339 condicionibus

401 2362 511 2428 Foedis
537 2368 568 2424 et
582 2363 717 2446 exemplo
733 2359 879 2426 trahentis

441 2447 611 2512 Pernicicm
625 2447 749 2512 veniens
763 2447 795 2509 in
809 2466 928 2527 sevum,
1045 2453 1047 2455 ’

361 2532 394 2599 Si
409 2555 468 2597 non
482 2534 595 2618 periret
608 2532 825 2597 immiserabilis

358 2618 486 2704 Captiva
499 2620 604 2703 pubes.
651 2617 746 2701 Signa
760 2638 817 2701 ego
831 2614 955 2681 Punicis
1022 2629 1027 2637 ’

399 2704 647 2769 Adfixedelubris
673 2713 705 2767 et
719 2725 803 2767 arms

443 2789 590 2853 Militibus
604 2789 668 2852 sine
684 2789 788 2868 ccede,
806 2787 892 2869 dixit,

357 2875 495 2958 Derepte
509 2874 585 2950 vidi;
596 2875 658 2938 vidi
672 2896 730 2958 ego
744 2875 854 2938 civium

356 2960 485 3026 Retorte
499 2965 585 3042 tergo
600 2960 722 3024 brachis
735 2961 830 3024 libero

373 3104 379 3114 .
401 3044 567 3128 Portesque
581 3067 641 3108 non
656 3046 773 3110 ebusus
799 3052 831 3110 et
845 3064 918 3109 arva

443 3130 545 3194 Marte
560 3132 617 3194 coli
631 3132 901 3215 populatsnostro.
1003 3200 1005 3204 ,

356 3215 444 3280 Auro
458 3237 601 3299 repensus
616 3218 732 3281 scilicet
745 3217 842 3280 acrior
1048 3225 1053 3233 '

356 3301 447 3367 Miles
461 3301 581 3365 redibit.
624 3303 756 3387 Flagitio
770 3301 879 3366 additis
984 3325 991 3336 ·
1020 3305 1029 3321 ‘

398 3386 568 3452 Damnum:
592 3410 690 3473 neque
706 3389 829 3453 emissos
844 3388 958 3452 colores

443 3473 527 3538 Lens
541 3475 636 3538 refert
646 3475 797 3539 medicato
810 3474 892 3553 fuco,

356 3557 424 3624 Neo
439 3581 513 3625 vere
526 3561 622 3625 virtus
656 3582 749 3645 quum
763 3561 857 3624 semel
871 3555 985 3624 excidit

250 3704 253 3709 .
356 3643 453 3710 (luret
466 3647 570 3731 reponi
585 3647 792 3710 deterioribus.

400 3729 433 3795 Si
443 3739 563 3878 pugnet
576 3733 724 3796 extricato
738 3731 837 3796 densis

470 3838 542 3881 ervs
555 3818 652 3900 plegis
683 3819 741 3880 erit
756 3815 902 3880 illefortis

357 3897 417 3972 Qui
431 3902 553 3981 perfidis
568 3922 600 3963 se
616 3901 745 3965 credidit
758 3902 903 3980 hostibus,

355 3981 400 4046 Et
413 3983 514 4047 Marte
529 3985 646 4047 Poenos
661 3991 796 4068 proteret
809 3985 916 4063 altero,

401 4066 461 4142 Qui
474 4069 538 4132 lore
552 4070 697 4132 restrictis
711 4069 832 4132 lacertis

443 4151 544 4217 Sensit
556 4153 637 4216 iners
663 4153 821 4235 timuitque
835 4157 972 4218 mortem.

354 4237 417 4304 Hic
445 4239 527 4304 unde
549 4237 643 4302 vitem
665 4245 799 4303 sumeret
813 4236 927 4302 inscius

356 4324 469 4390 Pccem
484 4325 585 4389 duello
599 4325 729 4388 miscuit.
778 4324 805 4390 Ο
821 4320 939 4413 pudorl

400 4409 427 4477 Ο
442 4431 553 4495 magns
561 4409 731 4496 Karthago,
746 4411 895 4495 probrosis

440 4496 541 4561 Altior
554 4497 662 4561 Italiae
676 4499 771 4562 ruinis
784 4496 791 4563 l

348 4576 467 4647 ‘Fertur
480 4585 606 4668 pudicae
622 4585 756 4669 conjugis
771 4584 905 4647 osculum

355 4666 529 4753 Parnesque
543 4677 630 4733 natos
655 4678 691 4733 ut
706 4671 812 4754 capitis
826 4668 921 4733 minor

397 4754 449 4817 Ab
463 4775 495 4817 se
508 4757 667 4819 removisse
694 4762 727 4819 et
742 4755 857 4818 virilem

440 4837 556 4903 Torvus
569 4841 650 4904 humi
665 4841 798 4924 posuisse
814 4840 950 4904 voltum:
