2900 6042
628 1322 804 1370 cremum

325 1669 329 1675 ·
464 1644 704 1710 OARMEN
734 1644 969 1712 XXXVII.

339 1987 342 1991 ’
366 1988 463 2052 Nunc
478 1995 525 2052 est
538 1987 712 2067 bibendum,
726 2009 807 2052 nuno
822 1989 900 2072 pede
914 1990 1009 2056 libem

365 2074 520 2138 Pulsanda
534 2074 635 2153 bellue,
650 2094 731 2137 nuno
748 2072 914 2140 Saliaribus

410 2159 528 2224 Ornare
543 2159 682 2243 pulvinar
697 2159 823 2222 deorum

452 2244 584 2329 Tempus
599 2252 666 2310 erat
680 2244 818 2328 dapibus,
833 2245 962 2311 sodales.

364 2330 506 2396 Antehac
521 2331 607 2395 nesae
621 2331 799 2416 depromere
815 2330 990 2399 Caecubum

366 2417 458 2484 cellis
473 2418 572 2497 avitia,
584 2417 656 2481 dum
671 2416 818 2503 Capitolio

408 2504 528 2587 Regina
543 2504 698 2568 dementes
712 2504 816 2568 ruinas

452 2590 557 2653 Funus
571 2590 624 2654 et
616 2591 742 2675 imperio
757 2591 885 2675 parabat

367 2674 657 2739 contaminatorum
672 2697 767 2758 grege
782 2676 916 2775 turpium

367 2759 517 2824 Morbo
490 2782 632 2836 vrrorum,
647 2760 795 2844 quidlibet
807 2762 956 2844 impotens

411 2844 473 2929 Spe
474 2866 542 2908 rare
568 2806 749 2929 fortimaque
765 2845 847 2909 dulci

453 2930 556 2995 Ebria.
582 2929 646 2995 Sed
659 2931 768 2993 minuit
780 2931 913 2995 furorem

368 3015 431 3081 vix
444 3037 507 3080 una
520 3037 622 3100 sospes
636 3017 721 3079 navia
738 3016 799 3080 abi
841 3016 919 3096 bus,

367 3102 564 3185 Montemque
578 3100 764 3187 lymphatam
816 3103 947 3168 areotioo

408 3187 543 3271 Redegit
558 3187 590 3251 in
603 3208 691 3251 veros
706 3188 828 3252 timores

455 3272 578 3354 Caesar,
593 3272 631 3336 ab
646 3273 738 3337 Italia
752 3274 902 3337 volantem

369 3358 474 3424 Remis
488 3359 651 3444 adurgens,
666 3359 812 3444 accipiter
825 3361 910 3423 velut

368 3445 478 3512 Molles
491 3446 654 3546 oolumbaa,
669 3455 722 3509 aut
736 3447 868 3529 leporem
883 3445 961 3511 eiius

410 3531 570 3598 Venator
561 3555 594 3597 ιιι
608 3531 721 3616 eampis
735 3531 843 3596 nivalis

452 3618 651 3699 Haemoniae,
666 3617 755 3683 daret
768 3625 803 3683 ut
817 3617 932 3684 oatenia

368 3702 475 3768 Fatale
490 3713 588 3769 monui
588 3725 676 3770 mm.
699 3727 778 3791 quae
791 3704 967 3790 generosius

368 3789 475 3854 Perire
490 3811 650 3875 quaerens,
664 3813 721 3856 neo
736 3793 924 3857 muliebriber

413 3875 546 4024 Ἧι
560 3897 662 3940 ensem
688 3898 745 3941 neo
761 3879 891 3943 latentes

529 3981 561 4023 se
576 3961 637 4025 oita
651 3963 805 4044 reparavit
818 3984 896 4026 oras.

371 4044 459 4110 Ausa
475 4051 507 4108 et
517 4046 671 4129 jaoentem
685 4047 782 4110 visere
798 4048 912 4131 regiam

372 4129 477 4197 Voltu
486 4151 603 4211 sereno,
617 4131 703 4195 fortis
718 4140 750 4196 et
764 4153 886 4217 asperas

415 4216 559 4280 Xbeetare
574 4225 742 4301 serpentes,
757 4242 779 4282 u
779 4226 906 4283 tatium

458 4301 590 4387 Corpore
605 4304 787 4369 combiberet
797 4324 959 4387 venenum,

372 4386 549 4454 Deliberabo
562 4399 657 4456 morto
672 4391 809 4476 ferocior,

375 4473 481 4541 Saevis
496 4475 636 4542 Liburnis
650 4478 767 4542 seilicet
779 4443 919 4544 irividens

417 4562 542 4627 Privata
557 4564 665 4628 deduci
679 4566 808 4650 superbo

461 4649 532 4713 Non
546 4650 666 4715 humilis
681 4653 787 4717 mulier
802 4648 962 4734 triumpho.
