<?xml version="1.0" encoding="UTF-8"?>
<!DOCTYPE html PUBLIC "-//W3C//DTD XHTML 1.0 Transitional//EN"
    "http://www.w3.org/TR/xhtml1/DTD/xhtml1-transitional.dtd">
<html xmlns="http://www.w3.org/1999/xhtml" xml:lang="en" lang="en">
 <head>
  <title>
</title>
<meta http-equiv="Content-Type" content="text/html;charset=utf-8" />
  <meta name='ocr-system' content='tesseract 3.04.00' />
  <meta name='ocr-capabilities' content='ocr_page ocr_carea ocr_par ocr_line ocrx_word'/>
</head>
<body>
  <div class='ocr_page' id='page_1' title='image "./workshoracewith00beckgoog_0244.png"; bbox 0 0 2900 6042; ppageno 0'>
   <div class='ocr_carea' id='block_1_1' title="bbox 330 584 2664 1218">
    <p class='ocr_par' dir='ltr' id='par_1_1' title="bbox 330 584 2664 1218">
     <span class='ocr_line' id='line_1_1' title="bbox 330 584 2664 1218; baseline 0 4824"><span class='ocrx_word' id='word_1_1' title='bbox 330 584 2664 1218; x_wconf 95' lang='lat' dir='ltr'> </span> 
     </span>
    </p>
   </div>
   <div class='ocr_carea' id='block_1_2' title="bbox 1307 1577 1766 1638">
    <p class='ocr_par' dir='ltr' id='par_1_2' title="bbox 1307 1577 1766 1638">
     <span class='ocr_line' id='line_1_2' title="bbox 1307 1577 1766 1638; baseline -0.002 0"><span class='ocrx_word' id='word_1_2' title='bbox 1307 1588 1433 1638; x_wconf 71' lang='lat' dir='ltr'>Ans</span> <span class='ocrx_word' id='word_1_3' title='bbox 1475 1577 1766 1638; x_wconf 59' lang='lat' dir='ltr'>rennos.</span> 
     </span>
    </p>
   </div>
   <div class='ocr_carea' id='block_1_3' title="bbox 427 1737 2308 4820">
    <p class='ocr_par' dir='ltr' id='par_1_3' title="bbox 449 1737 2246 2084">
     <span class='ocr_line' id='line_1_3' title="bbox 493 1737 2125 1827; baseline 0.003 -24"><span class='ocrx_word' id='word_1_4' title='bbox 493 1737 560 1804; x_wconf 86' lang='lat' dir='ltr'>N</span> <span class='ocrx_word' id='word_1_5' title='bbox 561 1762 638 1804; x_wconf 90' lang='lat' dir='ltr'>on</span> <span class='ocrx_word' id='word_1_6' title='bbox 667 1741 896 1805; x_wconf 86' lang='lat' dir='ltr'>fumum</span> <span class='ocrx_word' id='word_1_7' title='bbox 926 1765 1002 1807; x_wconf 82' lang='lat' dir='ltr'>ex</span> <span class='ocrx_word' id='word_1_8' title='bbox 1030 1743 1264 1827; x_wconf 78' lang='lat' dir='ltr'><strong>fulgore</strong></span> <span class='ocrx_word' id='word_1_9' title='bbox 1317 1742 1424 1807; x_wconf 77' lang='lat' dir='ltr'>sed</span> <span class='ocrx_word' id='word_1_10' title='bbox 1456 1765 1531 1807; x_wconf 82' lang='lat' dir='ltr'>ex</span> <span class='ocrx_word' id='word_1_11' title='bbox 1558 1743 1722 1808; x_wconf 87' lang='lat' dir='ltr'>fumo</span> <span class='ocrx_word' id='word_1_12' title='bbox 1752 1744 1896 1808; x_wconf 87' lang='lat' dir='ltr'>dare</span> <span class='ocrx_word' id='word_1_13' title='bbox 1926 1743 2125 1808; x_wconf 86' lang='lat' dir='ltr'>lucem</span> 
     </span>
     <span class='ocr_line' id='line_1_4' title="bbox 497 1825 2002 1914; baseline 0.002 -25"><span class='ocrx_word' id='word_1_14' title='bbox 497 1825 761 1911; x_wconf 86' lang='lat' dir='ltr'>Cogitat,</span> <span class='ocrx_word' id='word_1_15' title='bbox 791 1838 860 1891; x_wconf 92' lang='lat' dir='ltr'>ut</span> <span class='ocrx_word' id='word_1_16' title='bbox 887 1830 1157 1912; x_wconf 88' lang='lat' dir='ltr'>speciosa</span> <span class='ocrx_word' id='word_1_17' title='bbox 1185 1828 1401 1893; x_wconf 87' lang='lat' dir='ltr'>dehinc</span> <span class='ocrx_word' id='word_1_18' title='bbox 1430 1829 1720 1893; x_wconf 87' lang='lat' dir='ltr'>miracula</span> <span class='ocrx_word' id='word_1_19' title='bbox 1747 1837 2002 1914; x_wconf 88' lang='lat' dir='ltr'>promat,</span> 
     </span>
     <span class='ocr_line' id='line_1_5' title="bbox 492 1912 2246 2001; baseline 0.002 -25"><span class='ocrx_word' id='word_1_20' title='bbox 492 1912 874 1998; x_wconf 78' lang='lat' dir='ltr'>Antiphaten</span> <span class='ocrx_word' id='word_1_21' title='bbox 909 1913 1293 1998; x_wconf 81' lang='lat' dir='ltr'>Scyllamque</span> <span class='ocrx_word' id='word_1_22' title='bbox 1325 1922 1388 1978; x_wconf 89' lang='lat' dir='ltr'>et</span> <span class='ocrx_word' id='word_1_23' title='bbox 1418 1936 1553 1978; x_wconf 89' lang='lat' dir='ltr'>cum</span> <span class='ocrx_word' id='word_1_24' title='bbox 1588 1915 1851 1999; x_wconf 83' lang='lat' dir='ltr'>Cyclope</span> <span class='ocrx_word' id='word_1_25' title='bbox 1884 1913 2246 2001; x_wconf 79' lang='lat' dir='ltr'>Charybdin.</span> 
     </span>
     <span class='ocr_line' id='line_1_6' title="bbox 449 1997 1981 2084; baseline 0.001 -21"><span class='ocrx_word' id='word_1_26' title='bbox 449 2054 459 2063; x_wconf 93' lang='lat'><strong>.</strong></span> <span class='ocrx_word' id='word_1_27' title='bbox 494 1997 558 2060; x_wconf 83' lang='lat' dir='ltr'>N</span> <span class='ocrx_word' id='word_1_28' title='bbox 562 2020 631 2062; x_wconf 92' lang='lat' dir='ltr'>ec</span> <span class='ocrx_word' id='word_1_29' title='bbox 659 2000 917 2063; x_wconf 90' lang='lat' dir='ltr'>reditum</span> <span class='ocrx_word' id='word_1_30' title='bbox 948 2001 1253 2064; x_wconf 88' lang='lat' dir='ltr'>Diomedis</span> <span class='ocrx_word' id='word_1_31' title='bbox 1283 2001 1358 2064; x_wconf 86' lang='lat' dir='ltr'>ab</span> <span class='ocrx_word' id='word_1_32' title='bbox 1384 2000 1631 2064; x_wconf 89' lang='lat' dir='ltr'>interitu</span> <span class='ocrx_word' id='word_1_33' title='bbox 1662 2000 1981 2084; x_wconf 79' lang='lat' dir='ltr'>Meleagri,</span> 
     </span>
    </p>

    <p class='ocr_par' dir='ltr' id='par_1_4' title="bbox 494 2083 2055 2255">
     <span class='ocr_line' id='line_1_7' title="bbox 494 2083 2055 2170; baseline 0.003 -24"><span class='ocrx_word' id='word_1_34' title='bbox 494 2083 558 2146; x_wconf 83' lang='lat' dir='ltr'>N</span> <span class='ocrx_word' id='word_1_35' title='bbox 561 2105 630 2148; x_wconf 92' lang='lat' dir='ltr'>ec</span> <span class='ocrx_word' id='word_1_36' title='bbox 661 2086 897 2168; x_wconf 85' lang='lat' dir='ltr'>gemino</span> <span class='ocrx_word' id='word_1_37' title='bbox 924 2087 1145 2150; x_wconf 89' lang='lat' dir='ltr'>bellum</span> <span class='ocrx_word' id='word_1_38' title='bbox 1174 2086 1499 2170; x_wconf 86' lang='lat' dir='ltr'>Trojanum</span> <span class='ocrx_word' id='word_1_39' title='bbox 1530 2086 1761 2150; x_wconf 90' lang='lat' dir='ltr'>orditur</span> <span class='ocrx_word' id='word_1_40' title='bbox 1792 2087 1867 2150; x_wconf 89' lang='lat' dir='ltr'>ab</span> <span class='ocrx_word' id='word_1_41' title='bbox 1898 2089 2009 2150; x_wconf 87' lang='lat' dir='ltr'>ovo</span> <span class='ocrx_word' id='word_1_42' title='bbox 2036 2105 2055 2164; x_wconf 89' lang='lat'>;</span> 
     </span>
     <span class='ocr_line' id='line_1_8' title="bbox 497 2168 2006 2255; baseline 0.003 -23"><span class='ocrx_word' id='word_1_43' title='bbox 497 2168 748 2255; x_wconf 89' lang='lat' dir='ltr'>Semper</span> <span class='ocrx_word' id='word_1_44' title='bbox 776 2171 854 2233; x_wconf 87' lang='lat' dir='ltr'>ad</span> <span class='ocrx_word' id='word_1_45' title='bbox 884 2179 1163 2234; x_wconf 90' lang='lat' dir='ltr'>eventum</span> <span class='ocrx_word' id='word_1_46' title='bbox 1195 2173 1439 2235; x_wconf 80' lang='lat' dir='ltr'>festinat</span> <span class='ocrx_word' id='word_1_47' title='bbox 1470 2180 1533 2236; x_wconf 91' lang='lat' dir='ltr'>et</span> <span class='ocrx_word' id='word_1_48' title='bbox 1561 2173 1621 2235; x_wconf 91' lang='lat' dir='ltr'>in</span> <span class='ocrx_word' id='word_1_49' title='bbox 1650 2173 1877 2235; x_wconf 87' lang='lat' dir='ltr'>medias</span> <span class='ocrx_word' id='word_1_50' title='bbox 1907 2193 2006 2236; x_wconf 87' lang='lat' dir='ltr'>res</span> 
     </span>
    </p>

    <p class='ocr_par' dir='ltr' id='par_1_5' title="bbox 489 2254 2005 2596">
     <span class='ocr_line' id='line_1_9' title="bbox 493 2254 1990 2342; baseline 0.001 -24"><span class='ocrx_word' id='word_1_51' title='bbox 493 2254 633 2319; x_wconf 90' lang='lat' dir='ltr'>Non</span> <span class='ocrx_word' id='word_1_52' title='bbox 663 2277 838 2319; x_wconf 90' lang='lat' dir='ltr'>secus</span> <span class='ocrx_word' id='word_1_53' title='bbox 868 2277 938 2320; x_wconf 86' lang='lat' dir='ltr'>ac</span> <span class='ocrx_word' id='word_1_54' title='bbox 971 2265 1138 2320; x_wconf 85' lang='lat' dir='ltr'>notas</span> <span class='ocrx_word' id='word_1_55' title='bbox 1169 2258 1504 2322; x_wconf 74' lang='lat' dir='ltr'>auditorem</span> <span class='ocrx_word' id='word_1_56' title='bbox 1534 2259 1713 2342; x_wconf 87' lang='lat' dir='ltr'>rapit,</span> <span class='ocrx_word' id='word_1_57' title='bbox 1744 2265 1808 2320; x_wconf 91' lang='lat' dir='ltr'>et</span> <span class='ocrx_word' id='word_1_58' title='bbox 1835 2278 1990 2342; x_wconf 89' lang='lat' dir='ltr'>quae</span> 
     </span>
     <span class='ocr_line' id='line_1_10' title="bbox 490 2339 1987 2426; baseline 0.001 -22"><span class='ocrx_word' id='word_1_59' title='bbox 490 2339 795 2425; x_wconf 88' lang='lat' dir='ltr'>Desperat</span> <span class='ocrx_word' id='word_1_60' title='bbox 826 2350 1084 2406; x_wconf 84' lang='lat' dir='ltr'>tractata</span> <span class='ocrx_word' id='word_1_61' title='bbox 1112 2343 1408 2406; x_wconf 72' lang='lat' dir='ltr'>nitescere</span> <span class='ocrx_word' id='word_1_62' title='bbox 1440 2364 1611 2426; x_wconf 90' lang='lat' dir='ltr'>posse</span> <span class='ocrx_word' id='word_1_63' title='bbox 1664 2344 1987 2426; x_wconf 85' lang='lat' dir='ltr'>relinquit;</span> 
     </span>
     <span class='ocr_line' id='line_1_11' title="bbox 489 2427 1959 2510; baseline 0.001 -21"><span class='ocrx_word' id='word_1_64' title='bbox 489 2427 697 2510; x_wconf 90' lang='lat' dir='ltr'>Atque</span> <span class='ocrx_word' id='word_1_65' title='bbox 728 2428 813 2491; x_wconf 85' lang='lat' dir='ltr'>ita</span> <span class='ocrx_word' id='word_1_66' title='bbox 841 2429 1149 2507; x_wconf 80' lang='lat' dir='ltr'>mentitur,</span> <span class='ocrx_word' id='word_1_67' title='bbox 1179 2429 1265 2491; x_wconf 91' lang='lat' dir='ltr'>sic</span> <span class='ocrx_word' id='word_1_68' title='bbox 1295 2429 1453 2491; x_wconf 88' lang='lat' dir='ltr'>veris</span> <span class='ocrx_word' id='word_1_69' title='bbox 1481 2429 1634 2491; x_wconf 85' lang='lat' dir='ltr'>falsa</span> <span class='ocrx_word' id='word_1_70' title='bbox 1662 2430 1959 2509; x_wconf 86' lang='lat' dir='ltr'>remiscet,</span> 
     </span>
     <span class='ocr_line' id='line_1_12' title="bbox 491 2509 2005 2596; baseline 0.001 -22"><span class='ocrx_word' id='word_1_71' title='bbox 491 2509 693 2575; x_wconf 90' lang='lat' dir='ltr'>Primo</span> <span class='ocrx_word' id='word_1_72' title='bbox 721 2534 798 2575; x_wconf 92' lang='lat' dir='ltr'>ne</span> <span class='ocrx_word' id='word_1_73' title='bbox 828 2514 1111 2592; x_wconf 89' lang='lat' dir='ltr'>medium,</span> <span class='ocrx_word' id='word_1_74' title='bbox 1142 2514 1336 2576; x_wconf 90' lang='lat' dir='ltr'>medio</span> <span class='ocrx_word' id='word_1_75' title='bbox 1366 2535 1442 2576; x_wconf 92' lang='lat' dir='ltr'>ne</span> <span class='ocrx_word' id='word_1_76' title='bbox 1473 2513 1775 2596; x_wconf 84' lang='lat' dir='ltr'>discrepet</span> <span class='ocrx_word' id='word_1_77' title='bbox 1802 2513 2005 2577; x_wconf 90' lang='lat' dir='ltr'>imum.</span> 
     </span>
    </p>

    <p class='ocr_par' dir='ltr' id='par_1_6' title="bbox 485 2593 2308 3366">
     <span class='ocr_line' id='line_1_13' title="bbox 491 2593 2303 2687; baseline 0.003 -28"><span class='ocrx_word' id='word_1_78' title='bbox 491 2593 586 2660; x_wconf 75' lang='lat' dir='ltr'>Tu</span> <span class='ocrx_word' id='word_1_79' title='bbox 638 2597 783 2681; x_wconf 89' lang='lat' dir='ltr'>quid</span> <span class='ocrx_word' id='word_1_80' title='bbox 816 2619 929 2680; x_wconf 92' lang='lat' dir='ltr'>ego</span> <span class='ocrx_word' id='word_1_81' title='bbox 959 2606 1023 2662; x_wconf 90' lang='lat' dir='ltr'>et</span> <span class='ocrx_word' id='word_1_82' title='bbox 1051 2598 1305 2683; x_wconf 88' lang='lat' dir='ltr'>populus</span> <span class='ocrx_word' id='word_1_83' title='bbox 1333 2620 1569 2662; x_wconf 91' lang='lat' dir='ltr'>mecum</span> <span class='ocrx_word' id='word_1_84' title='bbox 1598 2597 1923 2678; x_wconf 83' lang='lat' dir='ltr'>desideret,</span> <span class='ocrx_word' id='word_1_85' title='bbox 1951 2597 2134 2665; x_wconf 70' lang='lat' dir='ltr'>audit</span> <span class='ocrx_word' id='word_1_86' title='bbox 2177 2594 2303 2687; x_wconf 51' lang='grc' dir='ltr'>»Χ</span> 
     </span>
     <span class='ocr_line' id='line_1_14' title="bbox 493 2681 1927 2767; baseline 0.001 -22"><span class='ocrx_word' id='word_1_87' title='bbox 493 2681 560 2746; x_wconf 90' lang='lat' dir='ltr'>Si</span> <span class='ocrx_word' id='word_1_88' title='bbox 589 2683 880 2766; x_wconf 84' lang='lat' dir='ltr'>plausoris</span> <span class='ocrx_word' id='word_1_89' title='bbox 909 2704 1054 2766; x_wconf 90' lang='lat' dir='ltr'>eges</span> <span class='ocrx_word' id='word_1_90' title='bbox 1083 2684 1295 2748; x_wconf 84' lang='lat' dir='ltr'>aulaea</span> <span class='ocrx_word' id='word_1_91' title='bbox 1320 2683 1618 2747; x_wconf 86' lang='lat' dir='ltr'>manentis</span> <span class='ocrx_word' id='word_1_92' title='bbox 1646 2689 1711 2746; x_wconf 89' lang='lat' dir='ltr'>et</span> <span class='ocrx_word' id='word_1_93' title='bbox 1736 2704 1927 2767; x_wconf 88' lang='lat' dir='ltr'>usque</span> 
     </span>
     <span class='ocr_line' id='line_1_15' title="bbox 491 2766 1973 2853; baseline 0 -21"><span class='ocrx_word' id='word_1_94' title='bbox 491 2766 730 2832; x_wconf 90' lang='lat' dir='ltr'>Sessuri</span> <span class='ocrx_word' id='word_1_95' title='bbox 782 2768 972 2832; x_wconf 90' lang='lat' dir='ltr'>donec</span> <span class='ocrx_word' id='word_1_96' title='bbox 1003 2776 1215 2833; x_wconf 77' lang='lat' dir='ltr'>cantor</span> <span class='ocrx_word' id='word_1_97' title='bbox 1241 2771 1259 2804; x_wconf 92' lang='lat'>‘</span> <span class='ocrx_word' id='word_1_98' title='bbox 1285 2766 1419 2832; x_wconf 93' lang='lat' dir='ltr'>Vos</span> <span class='ocrx_word' id='word_1_99' title='bbox 1443 2767 1716 2853; x_wconf 87' lang='lat' dir='ltr'>plaudite</span> <span class='ocrx_word' id='word_1_100' title='bbox 1738 2769 1755 2798; x_wconf 91' lang='lat'>’</span> <span class='ocrx_word' id='word_1_101' title='bbox 1785 2769 1973 2853; x_wconf 89' lang='lat' dir='ltr'>dicat,</span> 
     </span>
     <span class='ocr_line' id='line_1_16' title="bbox 488 2853 1879 2938; baseline 0.001 -22"><span class='ocrx_word' id='word_1_102' title='bbox 488 2853 731 2916; x_wconf 83' lang='lat' dir='ltr'>Aetatis</span> <span class='ocrx_word' id='word_1_103' title='bbox 761 2854 1051 2938; x_wconf 88' lang='lat' dir='ltr'>cujusque</span> <span class='ocrx_word' id='word_1_104' title='bbox 1081 2854 1328 2919; x_wconf 86' lang='lat' dir='ltr'>notandi</span> <span class='ocrx_word' id='word_1_105' title='bbox 1356 2861 1501 2919; x_wconf 90' lang='lat' dir='ltr'>sunt</span> <span class='ocrx_word' id='word_1_106' title='bbox 1528 2854 1635 2917; x_wconf 90' lang='lat' dir='ltr'>tibi</span> <span class='ocrx_word' id='word_1_107' title='bbox 1664 2874 1879 2933; x_wconf 87' lang='lat' dir='ltr'>mores,</span> 
     </span>
     <span class='ocr_line' id='line_1_17' title="bbox 488 2938 1974 3024; baseline 0 -23"><span class='ocrx_word' id='word_1_108' title='bbox 488 2938 930 3024; x_wconf 88' lang='lat' dir='ltr'>Mobilibusque</span> <span class='ocrx_word' id='word_1_109' title='bbox 959 2940 1143 3004; x_wconf 77' lang='lat' dir='ltr'>decor</span> <span class='ocrx_word' id='word_1_110' title='bbox 1168 2940 1401 3004; x_wconf 78' lang='lat' dir='ltr'>natm-is</span> <span class='ocrx_word' id='word_1_111' title='bbox 1427 2940 1663 3004; x_wconf 89' lang='lat' dir='ltr'>dandus</span> <span class='ocrx_word' id='word_1_112' title='bbox 1691 2946 1755 3003; x_wconf 91' lang='lat' dir='ltr'>et</span> <span class='ocrx_word' id='word_1_113' title='bbox 1782 2938 1974 3002; x_wconf 88' lang='lat' dir='ltr'>annis.</span> 
     </span>
     <span class='ocr_line' id='line_1_18' title="bbox 487 3024 2054 3110; baseline 0.001 -23"><span class='ocrx_word' id='word_1_114' title='bbox 487 3024 771 3089; x_wconf 87' lang='lat' dir='ltr'>Reddere</span> <span class='ocrx_word' id='word_1_115' title='bbox 803 3025 906 3109; x_wconf 92' lang='lat' dir='ltr'>qui</span> <span class='ocrx_word' id='word_1_116' title='bbox 935 3046 1113 3090; x_wconf 86' lang='lat' dir='ltr'>voees</span> <span class='ocrx_word' id='word_1_117' title='bbox 1130 3026 1261 3109; x_wconf 89' lang='lat' dir='ltr'>jam</span> <span class='ocrx_word' id='word_1_118' title='bbox 1289 3027 1407 3089; x_wconf 88' lang='lat' dir='ltr'>scit</span> <span class='ocrx_word' id='word_1_119' title='bbox 1431 3047 1585 3110; x_wconf 91' lang='lat' dir='ltr'>puer</span> <span class='ocrx_word' id='word_1_120' title='bbox 1612 3031 1676 3088; x_wconf 90' lang='lat' dir='ltr'>et</span> <span class='ocrx_word' id='word_1_121' title='bbox 1702 3024 1857 3110; x_wconf 91' lang='lat' dir='ltr'>pede</span> <span class='ocrx_word' id='word_1_122' title='bbox 1886 3028 2054 3088; x_wconf 88' lang='lat' dir='ltr'>certo</span> 
     </span>
     <span class='ocr_line' id='line_1_19' title="bbox 490 3108 2113 3195; baseline 0.001 -22"><span class='ocrx_word' id='word_1_123' title='bbox 490 3108 709 3192; x_wconf 86' lang='lat' dir='ltr'>Signat</span> <span class='ocrx_word' id='word_1_124' title='bbox 734 3110 1001 3189; x_wconf 91' lang='lat' dir='ltr'>humum,</span> <span class='ocrx_word' id='word_1_125' title='bbox 1032 3112 1216 3195; x_wconf 87' lang='lat' dir='ltr'>gestit</span> <span class='ocrx_word' id='word_1_126' title='bbox 1243 3113 1486 3195; x_wconf 90' lang='lat' dir='ltr'>paribus</span> <span class='ocrx_word' id='word_1_127' title='bbox 1516 3111 1840 3189; x_wconf 86' lang='lat' dir='ltr'>colludere,</span> <span class='ocrx_word' id='word_1_128' title='bbox 1870 3117 1934 3174; x_wconf 90' lang='lat' dir='ltr'>et</span> <span class='ocrx_word' id='word_1_129' title='bbox 1959 3111 2113 3174; x_wconf 88' lang='lat' dir='ltr'>iram</span> 
     </span>
     <span class='ocr_line' id='line_1_20' title="bbox 486 3195 2308 3283; baseline -0.001 -23"><span class='ocrx_word' id='word_1_130' title='bbox 486 3195 731 3279; x_wconf 87' lang='lat' dir='ltr'>Colligit</span> <span class='ocrx_word' id='word_1_131' title='bbox 759 3217 830 3260; x_wconf 89' lang='lat' dir='ltr'>ac</span> <span class='ocrx_word' id='word_1_132' title='bbox 861 3198 1027 3280; x_wconf 83' lang='lat' dir='ltr'>ponit</span> <span class='ocrx_word' id='word_1_133' title='bbox 1054 3205 1303 3276; x_wconf 90' lang='lat' dir='ltr'>temere,</span> <span class='ocrx_word' id='word_1_134' title='bbox 1334 3204 1399 3260; x_wconf 91' lang='lat' dir='ltr'>et</span> <span class='ocrx_word' id='word_1_135' title='bbox 1424 3204 1694 3260; x_wconf 88' lang='lat' dir='ltr'>mutatur</span> <span class='ocrx_word' id='word_1_136' title='bbox 1720 3197 1784 3259; x_wconf 91' lang='lat' dir='ltr'>in</span> <span class='ocrx_word' id='word_1_137' title='bbox 1810 3195 2007 3261; x_wconf 87' lang='lat' dir='ltr'>horas.</span> <span class='ocrx_word' id='word_1_138' title='bbox 2133 3217 2308 3283; x_wconf 38' lang='grc' dir='ltr'>,ᾗ</span> 
     </span>
     <span class='ocr_line' id='line_1_21' title="bbox 485 3281 1845 3366; baseline 0 -21"><span class='ocrx_word' id='word_1_139' title='bbox 485 3281 779 3346; x_wconf 89' lang='lat' dir='ltr'>Imberbis</span> <span class='ocrx_word' id='word_1_140' title='bbox 798 3283 1040 3366; x_wconf 88' lang='lat' dir='ltr'>juvenis</span> <span class='ocrx_word' id='word_1_141' title='bbox 1069 3283 1312 3347; x_wconf 86' lang='lat' dir='ltr'>tandem</span> <span class='ocrx_word' id='word_1_142' title='bbox 1341 3283 1589 3347; x_wconf 89' lang='lat' dir='ltr'>custode</span> <span class='ocrx_word' id='word_1_143' title='bbox 1618 3288 1845 3345; x_wconf 79' lang='lat' dir='ltr'>remoto</span> 
     </span>
    </p>

    <p class='ocr_par' dir='ltr' id='par_1_7' title="bbox 484 3363 2179 3624">
     <span class='ocr_line' id='line_1_22' title="bbox 487 3363 2179 3453; baseline -0.001 -22"><span class='ocrx_word' id='word_1_144' title='bbox 487 3366 732 3432; x_wconf 85' lang='lat' dir='ltr'>Gaudet</span> <span class='ocrx_word' id='word_1_145' title='bbox 759 3368 928 3452; x_wconf 89' lang='lat' dir='ltr'>equis</span> <span class='ocrx_word' id='word_1_146' title='bbox 958 3368 1323 3453; x_wconf 79' lang='lat' dir='ltr'>canibusque</span> <span class='ocrx_word' id='word_1_147' title='bbox 1353 3374 1418 3432; x_wconf 88' lang='lat' dir='ltr'>et</span> <span class='ocrx_word' id='word_1_148' title='bbox 1445 3368 1633 3452; x_wconf 87' lang='lat' dir='ltr'>aprici</span> <span class='ocrx_word' id='word_1_149' title='bbox 1662 3367 1932 3450; x_wconf 83' lang='lat' dir='ltr'>gramine</span> <span class='ocrx_word' id='word_1_150' title='bbox 1961 3363 2179 3452; x_wconf 85' lang='lat' dir='ltr'>campi,</span> 
     </span>
     <span class='ocr_line' id='line_1_23' title="bbox 487 3452 1902 3537; baseline 0 -21"><span class='ocrx_word' id='word_1_151' title='bbox 487 3452 717 3516; x_wconf 86' lang='lat' dir='ltr'>Cereus</span> <span class='ocrx_word' id='word_1_152' title='bbox 743 3453 807 3516; x_wconf 92' lang='lat' dir='ltr'>in</span> <span class='ocrx_word' id='word_1_153' title='bbox 836 3454 1044 3516; x_wconf 88' lang='lat' dir='ltr'>vitium</span> <span class='ocrx_word' id='word_1_154' title='bbox 1072 3455 1256 3534; x_wconf 88' lang='lat' dir='ltr'>flecti,</span> <span class='ocrx_word' id='word_1_155' title='bbox 1289 3455 1673 3518; x_wconf 87' lang='lat' dir='ltr'>monitoribus</span> <span class='ocrx_word' id='word_1_156' title='bbox 1701 3474 1902 3537; x_wconf 87' lang='lat' dir='ltr'>asper,</span> 
     </span>
     <span class='ocr_line' id='line_1_24' title="bbox 484 3537 1817 3624; baseline 0.001 -23"><span class='ocrx_word' id='word_1_157' title='bbox 484 3537 738 3602; x_wconf 89' lang='lat' dir='ltr'>Utilium</span> <span class='ocrx_word' id='word_1_158' title='bbox 769 3539 976 3602; x_wconf 87' lang='lat' dir='ltr'>tardus</span> <span class='ocrx_word' id='word_1_159' title='bbox 1007 3541 1293 3622; x_wconf 90' lang='lat' dir='ltr'>provisor,</span> <span class='ocrx_word' id='word_1_160' title='bbox 1323 3540 1610 3624; x_wconf 85' lang='lat' dir='ltr'>prodigus</span> <span class='ocrx_word' id='word_1_161' title='bbox 1638 3539 1817 3617; x_wconf 88' lang='lat' dir='ltr'>aeris,</span> 
     </span>
    </p>

    <p class='ocr_par' dir='ltr' id='par_1_8' title="bbox 487 3620 2118 3794">
     <span class='ocr_line' id='line_1_25' title="bbox 487 3620 2118 3708; baseline -0.001 -21"><span class='ocrx_word' id='word_1_162' title='bbox 487 3621 770 3688; x_wconf 84' lang='lat' dir='ltr'>Sublimis</span> <span class='ocrx_word' id='word_1_163' title='bbox 801 3624 1168 3708; x_wconf 89' lang='lat' dir='ltr'>cupidusque</span> <span class='ocrx_word' id='word_1_164' title='bbox 1199 3632 1264 3688; x_wconf 92' lang='lat' dir='ltr'>et</span> <span class='ocrx_word' id='word_1_165' title='bbox 1292 3632 1492 3689; x_wconf 86' lang='lat' dir='ltr'>amata</span> <span class='ocrx_word' id='word_1_166' title='bbox 1519 3625 1857 3708; x_wconf 88' lang='lat' dir='ltr'>relinquere</span> <span class='ocrx_word' id='word_1_167' title='bbox 1887 3620 2118 3706; x_wconf 85' lang='lat' dir='ltr'>pernix.</span> 
     </span>
     <span class='ocr_line' id='line_1_26' title="bbox 487 3709 1836 3794; baseline -0.001 -21"><span class='ocrx_word' id='word_1_168' title='bbox 487 3709 805 3774; x_wconf 85' lang='lat' dir='ltr'>Conversis</span> <span class='ocrx_word' id='word_1_169' title='bbox 832 3709 1045 3774; x_wconf 89' lang='lat' dir='ltr'>studiis</span> <span class='ocrx_word' id='word_1_170' title='bbox 1072 3718 1240 3774; x_wconf 78' lang='lat' dir='ltr'>aetas</span> <span class='ocrx_word' id='word_1_171' title='bbox 1270 3711 1618 3794; x_wconf 87' lang='lat' dir='ltr'>animusque</span> <span class='ocrx_word' id='word_1_172' title='bbox 1649 3710 1836 3773; x_wconf 89' lang='lat' dir='ltr'>virilis</span> 
     </span>
    </p>

    <p class='ocr_par' dir='ltr' id='par_1_9' title="bbox 481 3793 2158 4130">
     <span class='ocr_line' id='line_1_27' title="bbox 485 3793 1880 3879; baseline 0.001 -22"><span class='ocrx_word' id='word_1_173' title='bbox 485 3794 740 3869; x_wconf 85' lang='lat' dir='ltr'>Quaerit</span> <span class='ocrx_word' id='word_1_174' title='bbox 767 3815 910 3879; x_wconf 89' lang='lat' dir='ltr'>opes</span> <span class='ocrx_word' id='word_1_175' title='bbox 941 3802 1005 3858; x_wconf 92' lang='lat' dir='ltr'>et</span> <span class='ocrx_word' id='word_1_176' title='bbox 1033 3796 1343 3874; x_wconf 83' lang='lat' dir='ltr'>amicitias,</span> <span class='ocrx_word' id='word_1_177' title='bbox 1373 3795 1622 3859; x_wconf 89' lang='lat' dir='ltr'>inservit</span> <span class='ocrx_word' id='word_1_178' title='bbox 1649 3793 1880 3873; x_wconf 87' lang='lat' dir='ltr'>honori,</span> 
     </span>
     <span class='ocr_line' id='line_1_28' title="bbox 485 3878 1964 3965; baseline -0.003 -20"><span class='ocrx_word' id='word_1_179' title='bbox 485 3878 861 3945; x_wconf 73' lang='lat' dir='ltr'>commisisse</span> <span class='ocrx_word' id='word_1_180' title='bbox 892 3887 1068 3944; x_wconf 84' lang='lat' dir='ltr'>cavet</span> <span class='ocrx_word' id='word_1_181' title='bbox 1096 3880 1256 3965; x_wconf 88' lang='lat' dir='ltr'>quod</span> <span class='ocrx_word' id='word_1_182' title='bbox 1286 3903 1421 3944; x_wconf 85' lang='lat' dir='ltr'>mox</span> <span class='ocrx_word' id='word_1_183' title='bbox 1450 3887 1683 3943; x_wconf 87' lang='lat' dir='ltr'>mutare</span> <span class='ocrx_word' id='word_1_184' title='bbox 1712 3879 1964 3944; x_wconf 87' lang='lat' dir='ltr'>laboret.</span> 
     </span>
     <span class='ocr_line' id='line_1_29' title="bbox 481 3959 2158 4048; baseline -0.002 -18"><span class='ocrx_word' id='word_1_185' title='bbox 481 3965 684 4030; x_wconf 85' lang='lat' dir='ltr'>Multa</span> <span class='ocrx_word' id='word_1_186' title='bbox 712 3986 917 4029; x_wconf 88' lang='lat' dir='ltr'>senem</span> <span class='ocrx_word' id='word_1_187' title='bbox 945 3966 1419 4029; x_wconf 88' lang='lat' dir='ltr'>circumveniunt</span> <span class='ocrx_word' id='word_1_188' title='bbox 1445 3965 1838 4044; x_wconf 89' lang='lat' dir='ltr'>incommoda,</span> <span class='ocrx_word' id='word_1_189' title='bbox 1868 3964 1966 4027; x_wconf 89' lang='lat' dir='ltr'>vel</span> <span class='ocrx_word' id='word_1_190' title='bbox 1994 3959 2158 4048; x_wconf 80' lang='lat' dir='ltr'>quod</span> 
     </span>
     <span class='ocr_line' id='line_1_30' title="bbox 482 4049 2055 4130; baseline -0.001 -16"><span class='ocrx_word' id='word_1_191' title='bbox 482 4049 737 4124; x_wconf 86' lang='lat' dir='ltr'>Quaerit</span> <span class='ocrx_word' id='word_1_192' title='bbox 765 4056 830 4114; x_wconf 88' lang='lat' dir='ltr'>et</span> <span class='ocrx_word' id='word_1_193' title='bbox 855 4051 1111 4115; x_wconf 89' lang='lat' dir='ltr'>inventis</span> <span class='ocrx_word' id='word_1_194' title='bbox 1139 4051 1323 4115; x_wconf 88' lang='lat' dir='ltr'>miser</span> <span class='ocrx_word' id='word_1_195' title='bbox 1350 4052 1612 4115; x_wconf 88' lang='lat' dir='ltr'>abstinet</span> <span class='ocrx_word' id='word_1_196' title='bbox 1640 4072 1711 4115; x_wconf 87' lang='lat' dir='ltr'>ac</span> <span class='ocrx_word' id='word_1_197' title='bbox 1741 4051 1915 4115; x_wconf 88' lang='lat' dir='ltr'>timet</span> <span class='ocrx_word' id='word_1_198' title='bbox 1941 4049 2055 4130; x_wconf 87' lang='lat' dir='ltr'>uti,</span> 
     </span>
    </p>

    <p class='ocr_par' dir='ltr' id='par_1_10' title="bbox 427 4136 2089 4393">
     <span class='ocr_line' id='line_1_31' title="bbox 427 4136 2089 4221; baseline 0 -21"><span class='ocrx_word' id='word_1_199' title='bbox 427 4182 432 4189; x_wconf 84' lang='lat'><em>-</em></span> <span class='ocrx_word' id='word_1_200' title='bbox 483 4136 608 4201; x_wconf 92' lang='lat' dir='ltr'>Vel</span> <span class='ocrx_word' id='word_1_201' title='bbox 636 4136 795 4220; x_wconf 86' lang='lat' dir='ltr'>quod</span> <span class='ocrx_word' id='word_1_202' title='bbox 826 4158 922 4200; x_wconf 91' lang='lat' dir='ltr'>res</span> <span class='ocrx_word' id='word_1_203' title='bbox 952 4157 1156 4200; x_wconf 87' lang='lat' dir='ltr'>omnes</span> <span class='ocrx_word' id='word_1_204' title='bbox 1186 4137 1393 4201; x_wconf 90' lang='lat' dir='ltr'>timide</span> <span class='ocrx_word' id='word_1_205' title='bbox 1421 4137 1740 4221; x_wconf 89' lang='lat' dir='ltr'>gelideque</span> <span class='ocrx_word' id='word_1_206' title='bbox 1767 4136 2089 4216; x_wconf 88' lang='lat' dir='ltr'>ministrat,</span> 
     </span>
     <span class='ocr_line' id='line_1_32' title="bbox 482 4221 1958 4307; baseline -0.001 -22"><span class='ocrx_word' id='word_1_207' title='bbox 482 4221 741 4300; x_wconf 77' lang='lat' dir='ltr'>Dilator‚</span> <span class='ocrx_word' id='word_1_208' title='bbox 771 4243 879 4306; x_wconf 90' lang='lat' dir='ltr'>spe</span> <span class='ocrx_word' id='word_1_209' title='bbox 909 4223 1144 4306; x_wconf 86' lang='lat' dir='ltr'>longus,</span> <span class='ocrx_word' id='word_1_210' title='bbox 1174 4223 1356 4301; x_wconf 91' lang='lat' dir='ltr'>iners,</span> <span class='ocrx_word' id='word_1_211' title='bbox 1385 4223 1718 4307; x_wconf 86' lang='lat' dir='ltr'>avidusque</span> <span class='ocrx_word' id='word_1_212' title='bbox 1746 4221 1958 4302; x_wconf 80' lang='lat' dir='ltr'>futuri,</span> 
     </span>
     <span class='ocr_line' id='line_1_33' title="bbox 483 4307 1879 4393; baseline -0.001 -21"><span class='ocrx_word' id='word_1_213' title='bbox 483 4307 791 4387; x_wconf 67' lang='lat' dir='ltr'>Difficilis,</span> <span class='ocrx_word' id='word_1_214' title='bbox 807 4308 1113 4392; x_wconf 90' lang='lat' dir='ltr'>querulus,</span> <span class='ocrx_word' id='word_1_215' title='bbox 1141 4308 1417 4372; x_wconf 88' lang='lat' dir='ltr'>laudator</span> <span class='ocrx_word' id='word_1_216' title='bbox 1445 4309 1728 4393; x_wconf 88' lang='lat' dir='ltr'>temporis</span> <span class='ocrx_word' id='word_1_217' title='bbox 1756 4307 1879 4372; x_wconf 90' lang='lat' dir='ltr'>acti</span> 
     </span>
    </p>

    <p class='ocr_par' dir='ltr' id='par_1_11' title="bbox 487 4393 1871 4478">
     <span class='ocr_line' id='line_1_34' title="bbox 487 4393 1871 4478; baseline 0.001 -22"><span class='ocrx_word' id='word_1_218' title='bbox 487 4393 569 4457; x_wconf 90' lang='lat' dir='ltr'>Se</span> <span class='ocrx_word' id='word_1_219' title='bbox 598 4414 806 4478; x_wconf 90' lang='lat' dir='ltr'>puer0,</span> <span class='ocrx_word' id='word_1_220' title='bbox 837 4395 1162 4478; x_wconf 84' lang='lat' dir='ltr'>castigator</span> <span class='ocrx_word' id='word_1_221' title='bbox 1195 4416 1524 4478; x_wconf 88' lang='lat' dir='ltr'>censorque</span> <span class='ocrx_word' id='word_1_222' title='bbox 1558 4395 1871 4458; x_wconf 88' lang='lat' dir='ltr'>minorum.</span> 
     </span>
    </p>

    <p class='ocr_par' dir='ltr' id='par_1_12' title="bbox 482 4477 2048 4820">
     <span class='ocr_line' id='line_1_35' title="bbox 482 4477 2016 4556; baseline 0 -14"><span class='ocrx_word' id='word_1_223' title='bbox 482 4477 685 4543; x_wconf 88' lang='lat' dir='ltr'>Multa</span> <span class='ocrx_word' id='word_1_224' title='bbox 711 4479 916 4542; x_wconf 88' lang='lat' dir='ltr'>ferunt</span> <span class='ocrx_word' id='word_1_225' title='bbox 943 4481 1081 4543; x_wconf 88' lang='lat' dir='ltr'>anni</span> <span class='ocrx_word' id='word_1_226' title='bbox 1110 4481 1419 4544; x_wconf 87' lang='lat' dir='ltr'>venientes</span> <span class='ocrx_word' id='word_1_227' title='bbox 1448 4480 1758 4543; x_wconf 88' lang='lat' dir='ltr'>commoda</span> <span class='ocrx_word' id='word_1_228' title='bbox 1785 4497 2016 4556; x_wconf 87' lang='lat' dir='ltr'>secum,</span> 
     </span>
     <span class='ocr_line' id='line_1_36' title="bbox 483 4563 2011 4629; baseline -0.002 -1"><span class='ocrx_word' id='word_1_229' title='bbox 483 4563 685 4629; x_wconf 88' lang='lat' dir='ltr'>Multa</span> <span class='ocrx_word' id='word_1_230' title='bbox 712 4564 1065 4628; x_wconf 88' lang='lat' dir='ltr'>recedentes</span> <span class='ocrx_word' id='word_1_231' title='bbox 1095 4565 1387 4629; x_wconf 88' lang='lat' dir='ltr'>adimunt.</span> <span class='ocrx_word' id='word_1_232' title='bbox 1478 4564 1577 4628; x_wconf 88' lang='lat' dir='ltr'>Ne</span> <span class='ocrx_word' id='word_1_233' title='bbox 1607 4565 1761 4628; x_wconf 84' lang='lat' dir='ltr'>forte</span> <span class='ocrx_word' id='word_1_234' title='bbox 1791 4563 2011 4628; x_wconf 89' lang='lat' dir='ltr'>seniles</span> 
     </span>
     <span class='ocr_line' id='line_1_37' title="bbox 483 4646 1904 4735; baseline -0.002 -20"><span class='ocrx_word' id='word_1_235' title='bbox 483 4649 856 4715; x_wconf 87' lang='lat' dir='ltr'>Mandentur</span> <span class='ocrx_word' id='word_1_236' title='bbox 872 4650 1083 4734; x_wconf 85' lang='lat' dir='ltr'>juveni</span> <span class='ocrx_word' id='word_1_237' title='bbox 1113 4658 1315 4733; x_wconf 88' lang='lat' dir='ltr'>partes</span> <span class='ocrx_word' id='word_1_238' title='bbox 1343 4671 1650 4735; x_wconf 89' lang='lat' dir='ltr'>pueroque</span> <span class='ocrx_word' id='word_1_239' title='bbox 1680 4646 1904 4729; x_wconf 89' lang='lat' dir='ltr'>viriles,</span> 
     </span>
     <span class='ocr_line' id='line_1_38' title="bbox 489 4731 2048 4820; baseline -0.004 -19"><span class='ocrx_word' id='word_1_240' title='bbox 489 4735 742 4820; x_wconf 87' lang='lat' dir='ltr'>Semper</span> <span class='ocrx_word' id='word_1_241' title='bbox 768 4735 831 4798; x_wconf 91' lang='lat' dir='ltr'>in</span> <span class='ocrx_word' id='word_1_242' title='bbox 861 4736 1157 4819; x_wconf 88' lang='lat' dir='ltr'>adjunctis</span> <span class='ocrx_word' id='word_1_243' title='bbox 1186 4756 1455 4819; x_wconf 85' lang='lat' dir='ltr'>aevoque</span> <span class='ocrx_word' id='word_1_244' title='bbox 1485 4735 1844 4799; x_wconf 89' lang='lat' dir='ltr'>morabimur</span> <span class='ocrx_word' id='word_1_245' title='bbox 1870 4731 2048 4818; x_wconf 88' lang='lat' dir='ltr'>aptis.</span> 
     </span>
    </p>
   </div>
   <div class='ocr_carea' id='block_1_4' title="bbox 378 4821 2006 4905">
    <p class='ocr_par' dir='ltr' id='par_1_13' title="bbox 378 4821 2006 4905">
     <span class='ocr_line' id='line_1_39' title="bbox 378 4821 2006 4905; baseline -0.002 -19"><span class='ocrx_word' id='word_1_246' title='bbox 378 4822 622 4886; x_wconf 46' lang='lat' dir='ltr'>*Aut</span> <span class='ocrx_word' id='word_1_247' title='bbox 664 4821 869 4905; x_wconf 85' lang='lat' dir='ltr'>agitur</span> <span class='ocrx_word' id='word_1_248' title='bbox 911 4842 1010 4884; x_wconf 92' lang='lat' dir='ltr'>res</span> <span class='ocrx_word' id='word_1_249' title='bbox 1055 4822 1116 4883; x_wconf 92' lang='lat' dir='ltr'>in</span> <span class='ocrx_word' id='word_1_250' title='bbox 1162 4821 1383 4896; x_wconf 88' lang='lat' dir='ltr'>scenis,</span> <span class='ocrx_word' id='word_1_251' title='bbox 1422 4827 1531 4884; x_wconf 88' lang='lat' dir='ltr'>aut</span> <span class='ocrx_word' id='word_1_252' title='bbox 1558 4829 1695 4884; x_wconf 87' lang='lat' dir='ltr'>acta</span> <span class='ocrx_word' id='word_1_253' title='bbox 1722 4821 2006 4884; x_wconf 87' lang='lat' dir='ltr'>refertur.</span> 
     </span>
    </p>
   </div>
   <div class='ocr_carea' id='block_1_5' title="bbox 485 4905 2134 5178">
    <p class='ocr_par' dir='ltr' id='par_1_14' title="bbox 485 4905 2134 5178">
     <span class='ocr_line' id='line_1_40' title="bbox 489 4905 1949 4991; baseline -0.002 -20"><span class='ocrx_word' id='word_1_254' title='bbox 489 4905 748 4991; x_wconf 79' lang='lat' dir='ltr'>Segnius</span> <span class='ocrx_word' id='word_1_255' title='bbox 774 4906 1012 4971; x_wconf 83' lang='lat' dir='ltr'>irritant</span> <span class='ocrx_word' id='word_1_256' title='bbox 1041 4905 1267 4970; x_wconf 86' lang='lat' dir='ltr'>animos</span> <span class='ocrx_word' id='word_1_257' title='bbox 1295 4905 1555 4970; x_wconf 87' lang='lat' dir='ltr'>demissa</span> <span class='ocrx_word' id='word_1_258' title='bbox 1582 4927 1691 4989; x_wconf 88' lang='lat' dir='ltr'>per</span> <span class='ocrx_word' id='word_1_259' title='bbox 1719 4926 1949 4984; x_wconf 87' lang='lat' dir='ltr'>aurem,</span> 
     </span>
     <span class='ocr_line' id='line_1_41' title="bbox 487 4991 2134 5078; baseline -0.001 -20"><span class='ocrx_word' id='word_1_260' title='bbox 487 4991 682 5067; x_wconf 84' lang='lat' dir='ltr'>Quam</span> <span class='ocrx_word' id='word_1_261' title='bbox 709 5012 866 5078; x_wconf 86' lang='lat' dir='ltr'>quae</span> <span class='ocrx_word' id='word_1_262' title='bbox 893 5000 1045 5056; x_wconf 85' lang='lat' dir='ltr'>sunt</span> <span class='ocrx_word' id='word_1_263' title='bbox 1060 4991 1250 5057; x_wconf 85' lang='lat' dir='ltr'>oculis</span> <span class='ocrx_word' id='word_1_264' title='bbox 1281 4992 1553 5077; x_wconf 84' lang='lat' dir='ltr'>subjecta</span> <span class='ocrx_word' id='word_1_265' title='bbox 1578 4992 1946 5066; x_wconf 81' lang='lat' dir='ltr'>fidelibus‚et</span> <span class='ocrx_word' id='word_1_266' title='bbox 1973 5010 2134 5078; x_wconf 82' lang='lat' dir='ltr'>quae</span> 
     </span>
     <span class='ocr_line' id='line_1_42' title="bbox 485 5076 1941 5178; baseline -0.002 -33"><span class='ocrx_word' id='word_1_267' title='bbox 485 5076 629 5178; x_wconf 68' lang='lat' dir='ltr'>Ipse</span> <span class='ocrx_word' id='word_1_268' title='bbox 657 5078 768 5144; x_wconf 84' lang='lat' dir='ltr'>sibi</span> <span class='ocrx_word' id='word_1_269' title='bbox 798 5077 984 5143; x_wconf 83' lang='lat' dir='ltr'>tradit</span> <span class='ocrx_word' id='word_1_270' title='bbox 1009 5084 1353 5163; x_wconf 79' lang='lat' dir='ltr'>spectator:</span> <span class='ocrx_word' id='word_1_271' title='bbox 1399 5099 1520 5142; x_wconf 85' lang='lat' dir='ltr'>non</span> <span class='ocrx_word' id='word_1_272' title='bbox 1548 5084 1751 5151; x_wconf 76' lang='lat' dir='ltr'>tamen</span> <span class='ocrx_word' id='word_1_273' title='bbox 1778 5077 1941 5143; x_wconf 67' lang='lat' dir='ltr'>intus</span> 
     </span>
    </p>
   </div>
   <div class='ocr_carea' id='block_1_6' title="bbox 2476 1935 2569 1985">
    <p class='ocr_par' dir='ltr' id='par_1_15' title="bbox 2476 1935 2569 1985">
     <span class='ocr_line' id='line_1_43' title="bbox 2476 1935 2569 1985; baseline -0.011 0"><span class='ocrx_word' id='word_1_274' title='bbox 2476 1935 2569 1985; x_wconf 75' lang='lat'>145</span> 
     </span>
    </p>
   </div>
   <div class='ocr_carea' id='block_1_7' title="bbox 2475 2361 2567 2410">
    <p class='ocr_par' dir='ltr' id='par_1_16' title="bbox 2475 2361 2567 2410">
     <span class='ocr_line' id='line_1_44' title="bbox 2475 2361 2567 2410; baseline 0.011 -1"><span class='ocrx_word' id='word_1_275' title='bbox 2475 2361 2567 2410; x_wconf 85' lang='lat'>15⁰</span> 
     </span>
    </p>
   </div>
   <div class='ocr_carea' id='block_1_8' title="bbox 2473 2791 2564 2840">
    <p class='ocr_par' dir='ltr' id='par_1_17' title="bbox 2473 2791 2564 2840">
     <span class='ocr_line' id='line_1_45' title="bbox 2473 2791 2564 2840; baseline 0 0"><span class='ocrx_word' id='word_1_276' title='bbox 2473 2791 2564 2840; x_wconf 76' lang='lat'>155</span> 
     </span>
    </p>
   </div>
   <div class='ocr_carea' id='block_1_9' title="bbox 2466 3215 2560 3266">
    <p class='ocr_par' dir='ltr' id='par_1_18' title="bbox 2466 3215 2560 3266">
     <span class='ocr_line' id='line_1_46' title="bbox 2466 3215 2560 3266; baseline 0.021 -2"><span class='ocrx_word' id='word_1_277' title='bbox 2466 3215 2560 3266; x_wconf 66' lang='lat'>1⁶0</span> 
     </span>
    </p>
   </div>
   <div class='ocr_carea' id='block_1_10' title="bbox 2465 3639 2559 3691">
    <p class='ocr_par' dir='ltr' id='par_1_19' title="bbox 2465 3639 2559 3691">
     <span class='ocr_line' id='line_1_47' title="bbox 2465 3639 2559 3691; baseline 0.011 -1"><span class='ocrx_word' id='word_1_278' title='bbox 2465 3639 2559 3691; x_wconf 71' lang='lat'>1⁶5</span> 
     </span>
    </p>
   </div>
   <div class='ocr_carea' id='block_1_11' title="bbox 2466 4066 2560 4118">
    <p class='ocr_par' dir='ltr' id='par_1_20' title="bbox 2466 4066 2560 4118">
     <span class='ocr_line' id='line_1_48' title="bbox 2466 4066 2560 4118; baseline 0 0"><span class='ocrx_word' id='word_1_279' title='bbox 2466 4066 2560 4118; x_wconf 85' lang='lat'>1⁷0</span> 
     </span>
    </p>
   </div>
   <div class='ocr_carea' id='block_1_12' title="bbox 2464 4491 2555 4541">
    <p class='ocr_par' dir='ltr' id='par_1_21' title="bbox 2464 4491 2555 4541">
     <span class='ocr_line' id='line_1_49' title="bbox 2464 4491 2555 4541; baseline 0 0"><span class='ocrx_word' id='word_1_280' title='bbox 2464 4491 2555 4541; x_wconf 83' lang='lat'>175</span> 
     </span>
    </p>
   </div>
   <div class='ocr_carea' id='block_1_13' title="bbox 2467 4922 2558 4973">
    <p class='ocr_par' dir='ltr' id='par_1_22' title="bbox 2467 4922 2558 4973">
     <span class='ocr_line' id='line_1_50' title="bbox 2467 4922 2558 4973; baseline 0.011 -1"><span class='ocrx_word' id='word_1_281' title='bbox 2467 4922 2558 4973; x_wconf 59' lang='lat' dir='ltr'>1ae</span> 
     </span>
    </p>
   </div>
  </div>
 </body>
</html>
