2900 6042
1124 1425 1253 1471 LIB.
1303 1424 1380 1471 11.
1426 1423 1629 1471 EPIS'r.
1674 1425 1722 1470 1.

379 1572 612 1639 Romae
642 1575 818 1641 dulce
849 1578 952 1641 diu
982 1578 1095 1641 fuit
1124 1585 1188 1642 et
1216 1579 1499 1642 sollemne
1530 1579 1769 1642 reclusa

377 1659 566 1725 Mane
597 1662 768 1726 domo
799 1664 1069 1747 vigilare,
1101 1664 1303 1727 clienti
1332 1685 1604 1748 promere
1625 1665 1793 1749 jura,

379 1745 607 1811 Gautos
634 1749 967 1812 nominibus
996 1751 1176 1813 rectis
1207 1749 1547 1832 expendere
1577 1771 1870 1830 nummOS,

376 1832 645 1919 Majores
676 1834 905 1913 audire,
935 1835 1144 1898 minori
1175 1835 1395 1908 dicere,
1409 1856 1518 1918 per
1547 1856 1704 1919 quae

379 1916 669 1983 Crescere
700 1942 797 1984 res
826 1928 1048 2005 posset,
1077 1921 1262 1984 minui
1293 1920 1578 1984 damnosa
1606 1921 1803 1985 libido.

376 2003 643 2069 Mutavit
672 2014 930 2070 mentem
961 2007 1213 2091 populus
1240 2007 1389 2070 levis
1442 2014 1508 2069 et
1536 2008 1696 2071 calet
1724 2030 1842 2072 uno

380 2087 697 2154 Scribendi
725 2093 921 2155 studio
948 2113 964 2169 ;
1009 2093 1298 2177 puerique
1331 2099 1654 2177 patresque
1685 2094 1879 2157 severi

374 2173 618 2240 Fronde
650 2198 848 2242 comas
879 2179 1063 2242 vincti
1100 2185 1356 2242 coenant
1384 2185 1448 2241 et
1477 2179 1745 2243 carmina
1772 2178 2025 2245 dictant.

377 2260 519 2346 Ipse
549 2284 664 2346 ego
716 2265 818 2347 qui
848 2266 1040 2328 nullos
1068 2286 1164 2328 me
1182 2263 1434 2329 adfirmo
1449 2264 1714 2328 scribere
1747 2286 1953 2331 versus
2033 2324 2040 2331 .

377 2345 662 2412 Iuvenior
688 2350 930 2413 Parthis
959 2350 1325 2430 mendacior,
1355 2358 1420 2414 et
1448 2350 1615 2434 prius
1645 2359 1776 2414 orto

381 2431 521 2497 Sole
551 2435 696 2518 vigil
725 2436 1020 2499 calamum
1052 2443 1116 2498 et
1144 2436 1385 2499 chartas
1416 2443 1481 2498 et
1510 2436 1731 2499 scrinia
1758 2457 1957 2520 posco.

376 2518 443 2584 N
446 2521 602 2584 avim
633 2542 815 2604 agere
846 2521 1092 2601 ignarus
1119 2522 1290 2584 navis
1319 2521 1494 2583 timet
1518 2541 1535 2596 ;
1580 2521 1930 2584 abrotonum
1957 2541 2140 2605 aegro

375 2603 521 2670 Non
552 2606 738 2671 audet
789 2607 903 2669 nisi
925 2606 1028 2689 qui
1059 2605 1269 2669 didicit
1321 2605 1507 2680 dare3
1555 2605 1715 2688 quod
1745 2606 2113 2672 medicorum
2142 2613 2237 2673 est

377 2691 747 2756 Promittunt
774 2690 991 2754 medici
1019 2711 1035 2766 ;
1081 2698 1345 2755 tractant
1373 2690 1611 2754 fabrilia
1638 2692 1834 2757 fabri:

381 2776 712 2840 Scribimus
741 2777 962 2841 indocti
995 2777 1273 2860 doctique
1303 2778 1583 2862 poemata
1612 2779 1850 2862 passim.

377 2863 503 2927 Hic
533 2884 701 2927 error
729 2870 930 2927 tamen
960 2870 1023 2926 et
1050 2863 1199 2927 levis
1227 2865 1376 2928 haec
1408 2864 1639 2927 insania
1667 2872 1922 2948 quantas

378 2948 658 3014 Virtutes
686 2950 907 3014 habeat
957 2949 1043 3013 sic
1074 2950 1324 3034 collige:
1374 2950 1528 3013 vatis
1559 2970 1776 3015 avarus

377 3034 520 3101 Non
553 3043 777 3100 temere
809 3043 900 3099 est
931 3036 1162 3100 animus
1187 3056 1203 3112 3
1247 3057 1457 3100 versus
1486 3043 1669 3114 amat,
1698 3037 1810 3101 hoc
1839 3035 2047 3103 studet
2072 3055 2297 3115 unum3

378 3122 778 3201 Detrimenta,
809 3122 984 3206 fugas
1014 3143 1344 3201 servorum,
1374 3122 1654 3187 incendia
1681 3123 1880 3201 ridet;

379 3205 522 3272 Non
552 3208 823 3271 fraudem
854 3209 1014 3272 socio
1042 3230 1304 3293 puerove
1334 3209 1621 3292 incogitat
1650 3211 1834 3274 ullam

380 3292 658 3377 Pupill03
703 3294 852 3358 vivit
879 3295 1108 3379 siliquis
1138 3303 1202 3360 et
1232 3317 1386 3379 pane
1417 3294 1684 3359 secundo
1712 3315 1729 3372 ;

379 3377 634 3443 Militiae
655 3400 1021 3465 quamquam
1037 3382 1211 3465 piger
1238 3390 1303 3445 et
1331 3381 1544 3460 malus,
1573 3382 1736 3445 utilis
1763 3379 1923 3459 urbi,

382 3462 452 3530 Si
480 3465 588 3530 das
616 3466 727 3530 hoc
780 3467 981 3552 parvis
1013 3488 1249 3551 quoque
1281 3467 1460 3530 rebus
1489 3487 1712 3549 magna
1730 3466 1955 3551 juvari.

383 3549 470 3615 Os
499 3558 773 3616 tenerum
803 3553 973 3636 pueri
1002 3553 1362 3636 balbumque
1393 3553 1573 3635 poeta
1600 3553 1850 3634 figurat,

380 3636 649 3722 Torquet
678 3639 754 3702 ab
782 3639 1088 3702 obscoenis
1108 3638 1237 3721 jam
1267 3658 1426 3700 nunc
1458 3637 1827 3699 sermonibus
1857 3655 2087 3716 aurem,

378 3721 527 3787 Mox
556 3723 738 3787 etiam
770 3734 979 3806 pectus
1050 3722 1348 3805 raeceptis
1377 3722 1595 3784 format
1624 3721 1853 3800 amicis,

377 3809 745 3894 Asperitatis
777 3816 841 3872 et
868 3808 989 3871 invi
1034 3808 1127 3869 iae
1159 3814 1463 3870 corrector
1492 3812 1556 3868 et
1581 3805 1709 3869 irae
1737 3826 1754 3883 ;

378 3893 575 3958 Recte
605 3893 769 3956 facta
797 3893 1006 3971 refert,
1037 3890 1295 3953 orientia
1337 3897 1612 3975 tempora
1642 3892 1801 3955 notis

379 3977 640 4044 Instruit
667 3977 976 4062 exemplis,
1005 3979 1248 4064 inopem
1288 3978 1519 4042 solatur
1558 3984 1623 4041 et
1650 3998 1921 4062 aegrum.

382 4065 581 4129 Castis
610 4084 748 4128 cum
777 4063 977 4148 pueris
1005 4062 1219 4147 ignara
1245 4063 1445 4148 puella
1473 4064 1674 4128 mariti

379 4151 667 4216 Disceret
695 4151 854 4214 unde
886 4170 1098 4234 preces
1152 4157 1349 4213 vatem
1377 4150 1438 4213 ni
1470 4149 1655 4215 Musa
1681 4146 2001 4213 dedisset?

380 4237 586 4302 Poscit
615 4258 790 4321 opem
819 4237 1035 4300 chorus
1066 4244 1129 4299 et
1155 4236 1496 4321 praesentia
1523 4237 1768 4300 numina
1794 4235 2000 4316 sentit,

380 4323 688 4389 Caelestes
718 4323 994 4407 implorat
1023 4344 1210 4406 aquas
1241 4323 1419 4386 docta
1447 4344 1629 4407 prece
1660 4321 1940 4402 blanduS,

379 4411 629 4474 Avertit
656 4410 912 4488 ωσι-ὗσε,
940 4408 1262 4472 metuenda
1290 4409 1557 4491 pericula
1585 4409 1774 4492 pellit,

382 4494 678 4580 Impetrat
704 4502 769 4559 et
797 4517 1005 4580 pacem
1036 4501 1099 4557 et
1124 4495 1483 4578 locupletem
1512 4495 1785 4577 frugibus
1814 4512 2055 4557 annum.

386 4579 662 4645 Carmine
693 4581 754 4645 di
783 4581 986 4664 superi
1016 4581 1350 4664 placantur,
1379 4581 1643 4643 carmine
1674 4579 1911 4644 Manes.

277 4688 288 4698 ·
378 4667 712 4752 Agricolae
741 4666 939 4752 prisci,
955 4665 1142 4729 fortes
1172 4685 1479 4750 parvoque
1510 4666 1698 4746 beati,

380 4750 641 4818 Condita
668 4761 803 4837 post
835 4753 1138 4816 frumenta
1164 4751 1435 4815 levantes
1466 4757 1733 4836 tempore
1762 4752 1917 4815 festo

383 4837 616 4924 Corpus
645 4847 710 4903 et
734 4838 931 4923 ipsum
961 4837 1224 4901 animum
1253 4857 1358 4920 spe
1386 4838 1525 4901 finis
1558 4837 1711 4901 dura
1738 4838 2057 4918 ferentem,

382 4923 537 4989 Cum
566 4924 740 4989 sociis
767 4945 1038 5009 operum,
1067 4923 1270 5008 pueris
1297 4929 1363 4986 et
1390 4925 1647 5009 conjuge
1673 4923 1820 5004 fida,

2338 1407 2465 1474 218

2369 1771 2458 1822 1oe

2368 2204 2461 2254 110

2368 2627 2460 2678 115

2371 3908 2463 3960 1³⁰

2369 4337 2463 4386 135

2370 4768 2461 4820 140
